3700 5659
1416 581 1435 641 5

260 775 397 832 rorum
431 747 717 828 tractandarum
747 743 987 835 notionibus,
1010 767 1109 848 quae
1138 746 1188 826 ad
1216 746 1365 850 singula
1395 773 1473 854 spe

265 895 371 972 etant
391 892 636 992 argumenta,
660 885 816 988 singulis
848 885 1035 989 capitibus
1056 886 1269 967 doctrinam
1299 889 1478 970 exhibere

261 1030 448 1112 constitui
471 1031 595 1110 soluta
625 1027 818 1116 methodo,
842 1050 912 1104 seu
938 1049 1006 1129 per
1032 1026 1295 1107 didascalicam
1331 1030 1476 1133 exposi-

260 1173 422 1263 tionem
444 1193 543 1274 quae
564 1192 658 1250 vcro
686 1167 723 1246 in
745 1167 1030 1247 contentionem
1057 1167 1273 1259 inciderint,
1297 1169 1476 1273 appositis

261 1310 590 1414 propositionibus
612 1312 725 1402 munt
743 1306 979 1398 vindicanda
1004 1311 1049 1386 ut
1071 1308 1276 1388 catholicae
1297 1308 1476 1388 ecclesiae

217 1479 219 1483 ·
259 1449 441 1529 doctrina
460 1454 563 1529 sarta
588 1451 690 1529 tecla
719 1451 918 1527 servetur:
943 1471 1015 1526 nec
1044 1448 1082 1525 id
1103 1471 1221 1550 agens
1242 1452 1412 1527 avertam
1434 1471 1474 1528 o·

259 1589 639 1692 culosanimumque
659 1587 707 1668 ab
747 1587 923 1666 luctuosa
937 1587 1040 1678 ista,
1070 1611 1185 1691 quam
1204 1589 1391 1678 vivimus,
1414 1611 1474 1668 ae·
1595 1629 1598 1634 ·

256 1733 353 1821 tate,
377 1734 430 1822 ut,
459 1753 598 1835 quaec
624 1753 666 1811 re
686 1753 770 1810 esse
788 1730 949 1820 duxero,
978 1753 1131 1809 summo
1159 1730 1286 1810 studio
1313 1754 1391 1810 uon
1413 1753 1474 1810 ex-

256 1869 413 1974 plicem.

317 2016 561 2116 Quamquam
582 2015 712 2092 autem
731 2012 768 2090 in
796 2011 834 2090 id
855 2010 994 2113 ingenii
1015 2011 1088 2090 mei
1110 2012 1211 2091 vires
1232 2011 1399 2102 contuli,
1431 2014 1478 2090 ut

261 2154 466 2235 solidiores
493 2151 717 2242 sententias,
736 2155 774 2230 el
799 2149 1034 2231 acatholicis
1051 2151 1273 2231 doctoribus
1291 2151 1473 2254 (quorum

257 2293 390 2374 studia
410 2297 449 2372 et
469 2291 807 2396 pervestigationes
821 2290 1222 2371 maximoadiumeuto
1236 2291 1326 2370 milri
1340 2289 1471 2382 luisse,

260 2435 470 2538 profiteor)
491 2433 617 2514 acrius
635 2432 886 2536 subtiliusque
912 2436 1173 2536 propugnatos
1205 2434 1472 2536 amplecterer,

259 2578 390 2653 tamen
413 2598 504 2654 cum
526 2599 572 2654 ea
592 2573 640 2653 sit
656 2575 847 2654 humanae
873 2573 1010 2654 mentis
1025 2573 1230 2665 infirmitas
1251 2576 1296 2653 ut
1316 2572 1473 2653 difficul-

260 2718 321 2792 ter
342 2714 463 2818 possit
483 2715 568 2818 quis
594 2715 698 2794 omni
720 2738 765 2794 ex
787 2717 894 2818 parte
929 2715 1139 2819 perlectum
1165 2738 1264 2818 opus
1295 2715 1408 2794 edere
1434 2714 1473 2793 in

265 2858 371 2934 tanta
396 2879 527 2934 rerum
548 2853 750 2946 varietate,
778 2855 873 2934 haec
898 2858 944 2934 ut
963 2858 1114 2934 caetera
1135 2853 1281 2945 omnia,
1304 2877 1402 2957 quae
1423 2855 1474 2934 ad

271 2993 367 3073 hanc
383 2995 483 3074 diem
512 2994 731 3085 lucubravi,
755 2993 930 3074 infallibili
957 2994 1056 3074 sedis
1081 2994 1310 3098 apostolicae
1332 2993 1473 3075 iudicio

267 3135 474 3214 committo,
507 3134 733 3237 Priusquam
763 3157 857 3214 vero
883 3136 997 3214 finem
1020 3133 1169 3214 dicendi
1197 3134 1355 3225 luciam,
1382 3159 1473 3215 cum

262 3273 563 3376 praeclarissimo
594 3275 739 3355 Africae
768 3276 930 3366 lumine,
953 3275 1183 3380 Hipponensi
1214 3275 1413 3379 episcopo,
1435 3277 1475 3354 et

258 3414 355 3494 illud
381 3416 539 3494 addam:
568 3417 644 3518 Epo
667 3415 810 3495 iudices
835 3441 928 3496 acro
950 3421 1158 3497 alacritate
1178 3441 1330 3496 seueros
1351 3421 1473 3520 raupta

256 3559 428 3646 intucor,
444 3561 541 3635 tuter
555 3579 649 3660 quos
671 3567 703 3634 cl
723 3560 911 3660 meipsum
930 3561 1112 3660 primitus
1133 3562 1354 3636 constituere
1375 3557 1442 3634 ool
1460 3618 1472 3648 ,

255 3696 369 3776 ulad
389 3694 470 3773 illus
488 3719 534 3774 eu
548 3706 697 3774 tautam
723 3695 1300 3799 reprclacudcudupcrucm'uat,
1326 3720 1425 3799 quoe
1447 3719 1473 3774 a

253 3861 332 3926 rna,
346 3839 525 3940 quaranta
539 3835 668 3915 sedulo
676 3848 954 3939 perscrutari-te,
964 3840 1120 3915 micinae
1129 3836 1257 3914 uideri
1264 3844 1473 3939 potueruut

256 4038 339 4055 .....
363 3977 518 4066 Fateor,
541 4001 600 4054 me
624 4001 672 4055 err
693 4001 825 4056 currum
847 4001 1010 4056 uomere
1031 4002 1107 4057 csse
1129 3981 1277 4068 conari,
1298 3981 1366 4083 qai
1380 4001 1472 4080 pro·

249 4116 423 4211 ficteudo
437 4119 619 4207 scribunt,
636 4118 880 4197 ctscrr'berrdo
897 4117 1119 4222 proficiunt.
1146 4118 1254 4198 Uada
1274 4123 1309 4230 st
1326 4117 1474 4222 aliquid

252 4255 322 4334 uel
343 4261 547 4349 incautius,
569 4258 631 4338 ccl
649 4260 838 4338 indoctius
859 4284 886 4338 o
912 4284 971 4338 me
989 4264 1159 4363 positum
1180 4271 1241 4350 est,
1265 4261 1369 4364 quud
1392 4286 1472 4339 uon

250 4394 385 4474 solum
397 4399 445 4475 ob
457 4398 552 4488 aliis,
564 4399 769 4502 quiur'derc
780 4399 1000 4502 adpossem,
1010 4404 1142 4478 merito
1153 4399 1470 4504 reprebendatur,

251 4559 403 4615 verum
424 4541 581 4624 etiamn
602 4543 763 4643 raeque·
783 4543 877 4644 quie
899 4551 932 4618 et
952 4563 1014 4643 epo
1036 4540 1168 4621 saltem
1191 4552 1322 4646 posteo
1342 4539 1469 4619 cidere

249 4675 393 4768 debeo,
413 4681 448 4757 si
463 4678 640 4790 proficio:
657 4705 727 4759 acc
747 4681 978 4759 narrandum
1000 4692 1061 4771 cst,
1080 4706 1150 4761 uec
1169 4679 1385 4770 dolendum,
1406 4680 1469 4759 sed
