3700 5659
380 521 420 579 tlt
578 483 589 501 ⁰
900 527 940 572 ne
957 525 1025 572 rnen

339 644 394 685 sven
415 620 623 685 misericordia
644 639 679 682 ac
697 619 806 683 intuitu
822 618 946 682 merito·
984 625 1044 684 ret.
1063 616 1139 680 stent
1165 615 1247 680 misit
1274 617 1399 680 Petrum
1416 618 1457 680 cd
1476 617 1598 682 Gorne-

340 727 407 770 vmn
424 705 546 784 Christi,
575 714 630 792 ‚aut
646 703 876 768 illustrationem
896 702 945 764 iu·
985 701 1061 764 limo
1079 701 1140 782 (l).
1193 705 1197 714 ‘

341 801 458 854 ternam
476 789 756 874 supernaturalem,
787 807 842 852 sen
858 805 946 850 reve·

341 876 497 952 lationem,
518 881 570 936 aut
587 873 687 950 ellicit,
707 881 740 936 ut
754 872 886 936 babeant
902 871 948 934 in·
1026 894 1029 902 ·
1168 869 1345 916 PR⁰P⁰⁵¹T¹⁰
1361 871 1415 920 1¹¹„

342 957 539 1022 structionem
558 965 710 1020 externam
728 956 767 1020 de
788 957 848 1029 iia,
868 973 948 1036 quae
987 968 1046 1021 Pon
1064 973 1224 1034 sufferentem
1240 972 1296 1032 poet
1314 972 1463 1020 conscience
1480 969 1601 1034 proveet-

342 1043 380 1104 atl
398 1025 485 1104 ddem
506 1042 680 1124 pertinent,
713 1050 743 1103 et
771 1041 816 1103 sic
835 1039 948 1102 iustib·
1021 1043 1140 1122 reticete·
1158 1039 1414 1124 ere-ttvemepen'e
1432 1041 1468 1088 en
1483 1041 1600 1122 prefece-

342 1127 404 1190 cari
422 1135 453 1189 et
471 1125 578 1188 saivari
598 1126 725 1206 possint.
745 1119 878 1205 ldeoque
897 1123 947 1184 in·
1021 1110 1105 1172 ²²¹¹⁶¹¹⁶
1117 1123 1144 1189 ‚¹¹¹
1160 1107 1202 1157 ⁵⁶·
1222 1103 1356 1187 ΜΨ
1368 1111 1392 1156 ‘¹
1409 1104 1601 1188 ¹⁸‘⁸'''⁶''.⁰⁸''

344 1220 390 1274 ter
409 1210 555 1272 miracula
567 1228 626 1270 non
645 1209 801 1271 reserenda
817 1217 863 1272 ost
874 1208 950 1270 haec
1021 1179 1149 1244 mpetum,
1164 1177 1252 1224 aetum
1268 1178 1406 1224 acaecitate
1422 1180 1558 1238 praecepte.

343 1293 450 1375 agendi
470 1294 559 1373 ratio,
580 1311 657 1378 quae
670 1277 788 1374 'spectat
808 1292 847 1354 ad
864 1290 949 1353 ordi·
1031 1295 1105 1358 325.
1125 1292 1205 1356 llaec
1223 1291 1399 1376 propositio,
1429 1291 1460 1354 ivr
1480 1311 1543 1374 qua
1559 1311 1600 1355 a·

344 1380 459 1441 nariam
478 1378 739 1460 supernaturalem
773 1376 825 1450 uei
851 1374 948 1458 provi·
988 1379 1068 1456 gitur
1084 1377 1121 1440 de
1140 1377 1319 1440 necessitate
1341 1377 1491 1459 praecepti
1523 1396 1599 1438 cre-

345 1463 490 1524 dentiam.
990 1461 1079 1525 deudi
1099 1461 1237 1543 explicite
1256 1461 1396 1542 mysteria
1414 1459 1465 1523 SS.
1490 1459 1599 1522 'lrini-

390 1546 464 1608 322.
494 1543 538 1606 bd
555 1545 587 1606 b.
613 1543 690 1626 Nep.
718 1540 895 1625 Sequelaro,
916 1550 951 1604 ut
990 1547 1092 1610 nitatis
1117 1554 1147 1608 et
1178 1545 1349 1608 Dominioae
1377 1544 1600 1608 lucarnationis

242 1617 250 1626 ’
347 1638 428 1711 patet
455 1647 490 1691 ex
515 1627 615 1690 dictis.
646 1629 744 1710 Atque
775 1628 824 1690 bic
853 1627 951 1690 obiter
990 1639 1057 1713 poat
1083 1629 1279 1694 sufficientem
1314 1628 1382 1691 ndei
1411 1629 1601 1692 christianae

348 1714 526 1777 adnotamus
548 1706 773 1790 differentiam,
805 1731 883 1793 quae
901 1712 951 1772 in·
992 1714 1274 1796 promulgationem,
1295 1712 1456 1776 dummodo
1475 1713 1599 1775 riteiu·

349 1798 474 1860 tercedit
492 1797 571 1858 inter
600 1795 727 1878 primam
755 1796 882 1874 gratiam
900 1794 951 1856 in·
992 1798 1159 1878 telligatur,
1180 1797 1293 1860 nullam
1316 1815 1387 1879 prae
1409 1817 1442 1860 se
1460 1799 1518 1860 lert
1535 1797 1600 1860 dis-

349 1883 527 1944 stifioantem
556 1889 586 1942 ct
612 1881 741 1962 primam
758 1880 951 1942 auxiliantem
993 1883 1168 1945 ficultatem.
1182 1881 1299 1944 Etenim
1316 1901 1375 1943 non
1388 1881 1500 1960 obligat
1511 1901 1604 1964 prae·

349 1986 403 2028 seu
420 1968 589 2041 vocantem,
607 1965 688 2046 qnod
698 1965 735 2028 ad
751 1965 834 2027 illam
850 1982 955 2026 neces·
993 1976 1114 2048 ceptum
1132 1965 1280 2028 eiusmodi
1300 1964 1445 2044 divinum,
1466 1967 1524 2027 nisi
1545 1985 1600 2028 eos

350 2051 487 2112 seriasit
502 2050 533 2111 in
551 2049 662 2111 adultis
680 2049 849 2130 dispositio,
869 2048 907 2110 ad
924 2047 953 2110 i·
993 2051 1030 2114 ad
1049 2069 1124 2132 quos
1143 2049 1242 2112 divina
1267 2050 1408 2112 revelatio
1437 2049 1598 2132 pervenit,

351 2147 427 2196 stam
448 2153 519 2197 vero
539 2153 600 2196 non
619 2134 660 2195 sit
682 2133 875 2207 necessaria,
901 2131 954 2195 sed
994 2135 1069 2198 adeo
1088 2143 1121 2196 ut
1138 2133 1288 2197 immunes
1305 2153 1323 2195 a
1340 2135 1428 2216 culpa
1446 2134 1523 2211 sint,
1546 2135 1600 2214 qni

352 2220 426 2280 satis
446 2218 556 2280 adultis
574 2218 625 2293 sit,
649 2225 758 2279 utnon
780 2224 894 2298 ponant
917 2235 954 2277 o·
995 2218 1164 2298 ignorantia
1181 2217 1348 2280 invincibili
1363 2217 1513 2296 laborant,
1529 2227 1602 2280 tan·

353 2303 465 2379 bicem,
483 2322 537 2364 seu
555 2301 676 2375 iaciant,
699 2301 781 2381 qnod
799 2301 955 2362 insecat:
996 2323 1086 2385 quarn
1103 2301 1204 2365 violati
1238 2301 1408 2386 praecepti,
1434 2309 1525 2386 prout
1542 2303 1603 2365 lert

353 2387 428 2466 quin
446 2387 536 2448 etiam
554 2404 609 2449 nee
626 2385 763 2447 absolute
783 2384 845 2446 boo.
856 2384 956 2465 ipsum
997 2389 1061 2470 ipsa
1079 2385 1250 2470 praecepti,
1281 2394 1333 2450 aut
1350 2385 1376 2448 si
1393 2387 1504 2469 placet,
1524 2387 1603 2466 legis

354 2479 400 2531 est
413 2466 628 2548 necessarium,
643 2487 711 2530 curn
724 2476 852 2545 constet,
868 2467 957 2532 alleo
998 2479 1115 2534 natura.

355 2554 480 2635 positive
513 2551 653 2630 ⁴indignis
693 2551 846 2614 interdum
880 2552 958 2614 banc
1019 2545 1022 2564 '
1050 2556 1123 2618 326.
1147 2554 1238 2623 ,llaec
1264 2563 1363 2618 autem
1395 2555 1600 2636 promulgatio

356 2657 441 2700 suam
472 2637 633 2716 gratuitam
650 2637 814 2699 vocationis
831 2635 958 2712 gratiam
998 2640 1121 2703 relativa
1140 2647 1200 2716 est,
1228 2657 1288 2701 non
1308 2640 1405 2701 solum
1426 2640 1526 2720 quoad
1546 2659 1604 2701 na·

356 2721 549 2802 conserebat
564 2721 700 2803 quidem,
718 2739 788 2784 cum
805 2721 957 2798 volucrit,
1000 2725 1118 2803 tiones,
1151 2723 1203 2786 sed
1221 2724 1310 2786 etiam
1331 2723 1429 2804 quoad
1449 2723 1605 2786 individua

356 2815 386 2868 ct
401 2805 704 2887 quomodovoluerit.
1000 2809 1129 2887 singula.
1147 2808 1188 2870 lle
1204 2807 1377 2870 nationibus
1388 2807 1510 2887 quidem
1527 2825 1606 2869 con·

399 2891 472 2956 323.
490 2891 533 2952 bd
551 2893 581 2952 l.
598 2893 638 2955 N.
654 2889 763 2953 lictum
783 2888 877 2963 enim,
897 2888 959 2954 sive
999 2901 1057 2955 stat
1072 2892 1108 2955 de
1126 2893 1223 2970 laoto;
1243 2891 1347 2973 ecquis
1366 2892 1446 2953 enim
1466 2891 1603 2969 dixerit,

359 2975 560 3056 explicitum,
589 2973 650 3036 sive
668 2973 859 3056 implicitum,
878 2973 960 3055 quod
1001 2977 1093 3038 inisse
1103 2976 1285 3038 sufficienter
1292 2976 1607 3057 promulgatamevan-

360 3061 477 3120 oriatur
494 3078 529 3120 ex
547 3059 612 3120 sola
628 3058 686 3121 tide
700 3057 842 3135 naturali,
857 3076 893 3119 ex
911 3057 962 3120 di·
999 3061 1123 3138 gelioam
1135 3061 1229 3138 legem
1241 3059 1604 3142 amaricanis,antequam

358 3142 414 3202 ctis
433 3142 508 3204 nibil
520 3141 635 3204 confert
649 3141 686 3204 ad
704 3140 959 3218 iustificationem,
1001 3145 1155 3206 Amerioae
1186 3143 1417 3224 detegerentur?
1450 3143 1532 3205 ldem
1556 3143 1606 3205 dio

358 3225 488 3306 ideoque
518 3224 550 3286 in
570 3226 653 3286 nullo
685 3243 757 3286 casu
787 3224 896 3286 sufficit
909 3289 912 3293 ,
924 3224 963 3287 ad
1002 3228 1038 3290 de
1053 3227 1171 3310 populis
1186 3228 1354 3290 Australiac
1382 3235 1411 3288 et
1428 3225 1604 3304 Oceaniae,

358 3308 707 3372 salutemobtinendam.
865 3374 868 3378 ,
1002 3311 1054 3393 qui
1071 3311 1190 3374 nonnisi
1220 3312 1323 3394 elapso
1345 3312 1465 3373 saeculo
1495 3311 1607 3373 detecti

402 3393 476 3454 eut.
501 3393 547 3455 bd
565 3394 595 3454 8.
615 3394 656 3457 Ν.
686 3391 725 3455 ad
743 3392 829 3473 prob.
858 3395 896 3456 D.
920 3391 963 3454 llr
1002 3404 1084 3471 sunt,
1101 3403 1130 3458 ct
1145 3397 1189 3459 sic
1204 3395 1335 3476 dealba,
1355 3395 1380 3458 si
1395 3395 1447 3477 qui
1463 3393 1541 3458 forte
1555 3395 1609 3457 de·

360 3497 386 3538 s.
403 3475 517 3538 'lhoma
535 3495 626 3559 puer,
654 3477 706 3559 qui
725 3476 815 3542 iaciat
832 3475 913 3558 quod
931 3475 963 3540 in
1004 3488 1152 3559 tegantur.

359 3581 392 3626 sc
411 3570 467 3639 est,
488 3562 565 3624 soret
590 3561 798 3626 iustificandos
818 3560 960 3638 mediate,
1046 3565 1118 3627 327.
1151 3562 1254 3636 Quoad
1277 3563 1428 3626 individua
1446 3578 1516 3625 vero
1540 3563 1608 3626 sin·

361 3647 420 3723 C.;
440 3644 614 3708 immediate
640 3665 693 3728 per
719 3654 820 3708 actum
839 3655 963 3710 natura·
1004 3650 1083 3728 gula,
1103 3649 1130 3710 ai
1147 3649 1221 3730 ipsis
1233 3649 1311 3710 'baec
1322 3647 1460 3729 mysteria
1480 3667 1541 3710 non
1557 3649 1607 3709 in·

360 3731 434 3808 lem,
453 3730 492 3795 Ν.
513 3729 655 3810 Alioquin
673 3750 699 3792 s.
713 3731 822 3792 Doctor
840 3729 964 3792 minime
1004 3734 1166 3812 notuerint,
1187 3731 1262 3794 adeo
1283 3741 1316 3796 ut
1332 3731 1500 3794 invincibili
1514 3732 1607 3812 igno·

359 3814 547 3896 scripsisset:
568 3815 601 3878 St
618 3815 728 3894 eliquia
747 3816 848 3888 taliter
865 3815 965 3876 murt·
1003 3817 1101 3880 raetia
1122 3816 1327 3895 detineantur,
1347 3815 1470 3898 perinde
1488 3825 1553 3895 est,
1573 3833 1609 3879 ac

360 3908 408 3960 tue
434 3901 556 3962 ductum
582 3899 733 3961 maturetis
763 3899 892 3962 rationis
915 3915 964 3960 ce·
1004 3899 1029 3962 si
1043 3920 1098 3983 pro
1117 3901 1193 3983 ipsis
1208 3920 1268 3962 non
1286 3909 1387 3964 essent
1403 3900 1606 3982 promulgata.

360 3991 506 4060 queretur
523 3983 557 4042 tn
589 3983 721 4062 oppetita
747 3984 816 4045 bont
833 3992 861 4046 et
889 3982 965 4063 fugo
1004 3983 1081 4056 Quid
1099 4005 1165 4048 mea
1183 3985 1284 4062 relect,
1307 3984 1332 4047 si
1356 3985 1387 4045 in
1413 3984 1514 4064 aliqua
1534 4004 1610 4066 prn-

360 4066 446 4139 moti,
465 4065 626 4126 certissime
643 4074 685 4128 est
704 4068 875 4141 tenendum,
888 4066 966 4145 quod
1003 4068 1101 4131 vincia
1117 4078 1170 4131 aut
1186 4068 1305 4131 civitate
1327 4067 1497 4151 praedicata
1516 4069 1611 4130 luerit

362 4149 391 4209 ct
409 4149 487 4210 Deos
504 4149 550 4210 vet
565 4166 619 4227 per
647 4150 803 4212 internam
831 4150 965 4230 inspiro·
1005 4153 1173 4230 evangelica
1197 4153 1262 4215 lex‘l
1279 4152 1341 4215 lam
1360 4163 1436 4214 vero*
1451 4152 1608 4230 negotium

361 4233 471 4294 tionem
501 4233 645 4294 recolorat
670 4251 705 4295 ec
732 4251 807 4312 pace
830 4242 902 4296 eant
928 4234 967 4296 od
1005 4236 1227 4300 iustificationis·
1252 4244 1283 4298 et
1314 4235 1420 4298 salutis
1448 4238 1610 4317 personale

360 4317 539 4380 credendum
554 4317 741 4393 aemmorto,
768 4317 814 4379 oet
838 4318 966 4396 ottonem
1005 4330 1060 4382 est.
1083 4321 1239 4403 Repugnat
1258 4321 1430 4402 quempiam
1463 4327 1608 4402 tanquam

360 4402 431 4482 fidei
446 4401 681 4482 praedicatorem
702 4402 742 4464 cd
765 4419 832 4464 eom
851 4403 966 4483 dirige·
1005 4403 1106 4468 violati
1123 4405 1273 4488 praecepti
1289 4420 1374 4467 reum
1393 4404 1541 4483 damnari,
1560 4404 1609 4466 cui

398 4532 422 4595 (l
451 4529 654 4595 Quaest.ttl)e
672 4533 744 4582 oeec‘t.
762 4538 870 4594 urt.tt,
887 4534 919 4584 ud
941 4539 965 4586 t.
1006 4543 1034 4586 ut
1051 4533 1162 4602 quilibet
1192 4534 1326 4604 provideat
1349 4535 1382 4586 de
1411 4535 1561 4586 necessarii
1577 4533 1608 4585 cvl

362 4596 403 4662 Qu
453 4599 608 4651 alibietiam
626 4599 729 4666 repetit,
747 4599 901 4669 addetquel.
922 4618 963 4653 c.=
1004 4603 1132 4665 salutem,
1162 4601 1301 4656 dummodo
1327 4621 1358 4655 ex
1388 4612 1460 4672 parte
1483 4603 1540 4654 eiua
1559 4619 1610 4654 nou

365 4688 376 4710 ι
389 4664 442 4716 lloc
459 4666 491 4718 ad
509 4668 623 4721 divinam
640 4667 827 4738 providentiam
841 4671 963 4738 pertinet,
1005 4670 1171 4739 impediatur.
