3700 5659
377 467 467 534 ‘tst-
909 475 948 520 nr
964 477 1017 524 sorr
1052 510 1056 517 .

337 580 454 653 nobis,
484 596 518 640 ac
541 583 698 659 propterea
728 578 876 654 quatenns
898 577 944 632 est
983 577 1119 632 nostrum
1146 577 1176 630 et
1203 567 1316 632 bonnm
1344 568 1494 646 alterius,
1526 589 1588 632 non

340 664 496 726 obiectum
516 661 643 724 formale
670 657 733 740 spei
752 654 873 738 proprie
895 653 943 715 di·
983 674 1053 718 vero
1071 655 1170 716 solum
1196 663 1229 715 nt
1254 655 1368 716 bonum
1387 654 1419 714 iu
1440 673 1488 729 se,
1508 663 1539 716 et
1557 665 1589 716 ut

338 757 418 810 ctae.
984 748 1030 800 est
1046 757 1164 800 summa
1183 739 1369 815 excellentia,
1392 738 1442 798 cui
1462 737 1590 800 debetur

385 833 438 893 40.
459 829 494 892 11.
514 827 583 891 Obi.
614 828 643 888 1Ω
663 823 741 887 Fieri
761 821 888 904 nequit,
913 829 946 882 ut
985 824 1081 883 bonor
1098 831 1128 883 et
1140 823 1247 899 gloria.
1265 821 1325 882 iarn
1339 841 1410 884 vero
1426 841 1514 884 amor
1524 823 1590 904 spei

343 916 393 978 bic
403 933 487 977 amor
500 913 647 995 pertineat
661 909 698 972 ad
708 908 847 970 virtutem
861 907 947 968 tbeo-
985 907 1119 988 proxime
1148 905 1276 966 attendit
1303 906 1450 967 rationem
1474 907 1591 988 proprii

343 1000 492 1077 logicam3
516 997 586 1068 licet
601 994 680 1056 enim
700 1011 753 1074 per
771 1011 838 1054 eum
861 1010 946 1060 ame·
985 990 1157 1064 commodi,
1189 990 1324 1069 quamvis
1350 992 1591 1070 supernaturalis

344 1095 394 1144 tur
411 1083 502 1159 DeuS,
530 1079 725 1142 lamentatio
749 1075 868 1138 amandi
887 1092 947 1135 nou
986 1084 1016 1137 et
1034 1075 1158 1136 alterins
1183 1074 1317 1150 ordinis,
1345 1084 1463 1136 remote
1487 1083 1590 1136 antem

343 1175 392 1229 est
411 1167 554 1240 increata,
568 1162 622 1226 sed
640 1168 752 1237 creata,
764 1178 872 1238 nempe
883 1157 948 1239 ipse
986 1159 1114 1221 attendit
1127 1158 1216 1219 etiam
1236 1158 1382 1219 rationem
1403 1159 1500 1238 ipsius
1517 1158 1588 1236 Ilei,
1673 1184 1674 1235 p

347 1269 453 1312 amans
485 1258 515 1310 et
547 1245 738 1308 commodum
765 1243 945 1324 proprium:
988 1251 1133 1324 proutest
1146 1242 1242 1302 bonus
1256 1243 1287 1302 in
1303 1261 1347 1318 se,
1365 1242 1515 1303 necatiod
1531 1243 1601 1327 sibi
1673 1238 1674 1269 ¹

344 1353 425 1415 quac
443 1331 564 1414 quidem
586 1349 646 1392 non
667 1328 784 1390 videtur
800 1345 949 1406 superna·
986 1328 1053 1388 vult
1071 1344 1096 1386 s.
1113 1325 1244 1387 Thomas
1273 1326 1305 1387 in
1324 1325 1399 1387 locis
1416 1327 1530 1388 citatis.
1556 1327 1605 1394 Etl
1673 1285 1676 1384 i

345 1418 454 1481 turalis
472 1413 592 1478 amandi
612 1412 702 1476 ratio.
722 1411 755 1472 2⁰
772 1408 884 1472 Verum
900 1409 951 1471 da-
988 1412 1033 1474 si'c
1050 1410 1206 1490 responsio
1224 1419 1305 1490 patet
1319 1410 1356 1471 ad
1371 1411 1402 1471 3.
1466 1419 1470 1423 “
1673 1413 1676 1494 l

347 1513 378 1564 to
398 1501 500 1577 etiam,
522 1498 604 1579 quod
625 1498 716 1558 bomo
736 1494 831 1575 possit
848 1513 880 1556 se
895 1513 950 1556 su·
1030 1495 1083 1556 ta.
1104 1493 1178 1554 Nam
1197 1494 1314 1556 etiamsi
1332 1495 1498 1570 generatim
1522 1495 1601 1556 olli-t
1673 1504 1674 1507 ’

349 1583 580 1667 pernaturaliter
593 1599 706 1658 amare,
724 1578 775 1640 illc
786 1597 871 1640 amor
885 1597 952 1659 spe·
990 1578 1070 1640 cium
1086 1578 1126 1638 sit
1143 1577 1276 1640 caritatis
1293 1579 1369 1640 veile
1386 1579 1444 1640 sibi
1463 1588 1495 1641 et
1523 1578 1601 1646 aliisi

348 1677 411 1732 ctat
435 1667 471 1730 ad
502 1665 681 1741 caritatem,
716 1670 746 1724 et
767 1681 803 1726 ea
835 1662 952 1724 ratione
992 1661 1231 1735 beatitudinem,
1264 1670 1362 1743 potest
1390 1672 1490 1725 tamen
1515 1663 1603 1749 hancp

348 1754 426 1816 nelle
438 1751 496 1814 sibi
508 1747 779 1824 beatitudinem,et
791 1765 953 1827 qtraecum-
992 1746 1207 1808 beatitudinem
1228 1746 1323 1826 ipsam
1355 1748 1455 1824 velte,
1488 1754 1524 1808 ut
1549 1754 1594 1808 est
1673 1813 1674 1816 ,

350 1855 412 1918 que
434 1836 513 1898 betia
537 1827 953 1915 supernaturalia.'caritatis
993 1831 1104 1892 bonum
1123 1830 1182 1892 sibi
1206 1830 1334 1907 statiis,
1358 1829 1389 1891 in
1409 1851 1470 1912 qno
1489 1850 1526 1893 ex
1546 1830 1593 1891 di-

350 1930 398 1983 est
421 1919 564 1992 officium,
582 1925 615 1979 nt
637 1915 723 1976 docet
741 1933 767 1976 s.
788 1913 895 1976 Tbom.
914 1913 951 1992 ll,
993 1914 1202 1976 ctis-consistit
1215 1913 1366 1976 obiectum
1379 1915 1605 1996 formalespei..
1674 1934 1676 1943 ·

351 2007 384 2084 2,
405 2024 435 2085 q.
457 2003 509 2081 23,
529 2010 586 2064 art.
600 2001 619 2062 b
633 2000 670 2062 ad
682 1999 713 2076 2,
735 2007 765 2061 et
779 2018 810 2078 q.
824 1998 877 2072 23,
894 2008 952 2060 art.
994 2000 1036 2060 Eo
1052 1998 1097 2059 rel
1114 1998 1229 2077 magis,
1254 1998 1335 2078 quod
1353 2018 1388 2060 ex
1406 1999 1542 2080 quodam
1562 2018 1603 2060 a-·

350 2091 385 2150 d.
407 2091 438 2150 3ο
454 2086 546 2166 idque
559 2086 795 2146 confirmatores
811 2101 858 2159 eo,
874 2082 955 2163 qnod
994 2101 1078 2144 more
1096 2083 1185 2144 etiam
1211 2083 1349 2159 gignatur
1366 2102 1457 2163 spes,
1478 2083 1597 2144 dicente
1674 2114 1676 2139 t

354 2173 431 2234 velle
449 2171 582 2252 proximo
596 2166 811 2232 beatitudinem
824 2185 858 2226 ex
873 2187 957 2228 amo·
995 2187 1020 2228 s.
1041 2166 1205 2242 Augustino
1233 2167 1264 2227 in
1293 2169 1494 2244 Encltt'ridio,
1529 2186 1601 2247 cap·

351 2276 388 2318 re
406 2254 626 2335 supernaturali
645 2251 684 2313 sit
699 2249 828 2312 officium
845 2251 953 2312 carita·
996 2253 1036 2312 8:
1056 2250 1126 2329 Spes
1143 2253 1210 2312 stne
1227 2269 1328 2313 umore
1343 2270 1404 2314 esse
1417 2270 1480 2314 nort
1489 2259 1594 2332 potest,
1674 2288 1676 2339 Ι

359 2341 411 2401 tis:
447 2339 540 2398 multo
570 2337 661 2416 igitur
694 2333 788 2408 magis
819 2333 956 2415 sibiipsi
997 2353 1056 2396 nou
1072 2333 1192 2414 quidem
1211 2353 1314 2397 amore
1330 2335 1494 2412 amicitiae,
1508 2353 1597 2416 quam

358 2421 573 2486 beatitudinem
592 2419 679 2495 velle,
701 2417 831 2479 odicium
847 2426 893 2480 est
909 2437 958 2480 ca·
997 2427 1104 2480 natura
1119 2427 1218 2480 suaet
1232 2419 1337 2481 ordine
1354 2439 1423 2500 spes
1434 2418 1602 2494 antecedit,¹
1674 2458 1676 2537 p

348 2505 466 2568 uitatis,
482 2504 569 2580 Ergo.
998 2503 1051 2564 sed
1067 2521 1170 2564 amore
1185 2504 1461 2584 concupiscentiae,
1483 2523 1546 2584 qua
1565 2522 1598 2562 o·

400 2590 453 2650 dl.
470 2587 560 2670 Resp.
580 2586 616 2652 ad
632 2587 662 2648 i.
682 2603 750 2648 cum
762 2583 870 2648 eximio
885 2582 961 2648 Sua·
999 2595 1098 2668 ptatur
1121 2589 1232 2649 bonum
1254 2587 1313 2648 sibi
1331 2596 1362 2648 et
1377 2588 1465 2666 aliis,
1488 2606 1550 2668 quo
1566 2606 1598 2648 a·

356 2673 453 2736 renio:
474 2674 567 2754 Nepo.
603 2669 680 2742 Quia
694 2671 743 2730 bic
764 2689 849 2732 antor
866 2671 959 2732 attin·
1001 2689 1083 2732 more
1101 2680 1205 2751 postea
1220 2671 1436 2752 progrediendo
1454 2671 1536 2733 idem
1549 2671 1586 2731 bo
1598 2701 1604 2715 ..
1674 2618 1676 2739 i

288 2823 293 2829 ,
354 2758 402 2834 git
420 2757 514 2820 Deum
533 2757 657 2838 ipsum,
692 2762 722 2816 et
744 2753 821 2816 ratio
840 2754 961 2816 amandi
1000 2775 1083 2832 num,
1101 2764 1190 2835 prout
1207 2756 1286 2817 inse
1304 2764 1350 2818 est
1366 2755 1484 2836 absque
1501 2773 1601 2836 respe

357 2851 407 2904 est
425 2841 553 2922 ipsamet
574 2839 692 2902 bonitas
722 2837 855 2900 increata
885 2838 958 2915 Dei,
1000 2847 1048 2900 cto
1069 2838 1105 2900 ad
1124 2840 1277 2920 proprium
1298 2841 1510 2917 commodum,
1532 2846 1594 2920 pot·

361 2946 421 2987 non
439 2935 477 2988 ut
495 2933 540 2988 est
559 2925 671 2986 bonum
692 2921 764 2998 Dei,
793 2923 846 2984 sed
864 2931 897 2984 ut
916 2932 962 2984 est
1001 2933 1046 2986 est
1064 2922 1169 2984 sibiet
1186 2924 1254 2985 aliis
1272 2933 1374 3004 optare
1398 2934 1429 2986 et
1445 2924 1524 2985 velle
1540 2924 1603 3003 (tle

362 3011 473 3072 bonum
506 3009 672 3070 increatum
706 3025 826 3084 mcum3
862 3013 892 3068 et
920 3006 961 3067 ita
1044 3007 1096 3067 dd.
1117 3005 1189 3070 inst.
1207 3008 1355 3088 perlecta,
1376 3008 1437 3069 imo
1457 3017 1488 3070 et
1506 3007 1602 3089 perse·

357 3093 544 3154 sufficienter
562 3091 680 3168 attingit
693 3090 743 3152 hic
758 3090 960 3166 amorbeum‚
1002 3090 1136 3152 ctissime
1153 3091 1263 3154 caritas
1284 3092 1467 3172 praecipitur
1485 3092 1516 3153 in
1537 3110 1601 3153 ma·
1674 3068 1676 3117 Ι

363 3185 452 3255 prout
467 3175 669 3236 necessarium
689 3183 736 3234 est
749 3175 785 3234 ad
804 3175 961 3252 theologa-
1001 3194 1058 3252 gno
1084 3175 1159 3251 legis
1188 3175 1344 3238 mandato:
1376 3177 1486 3257 Diliges
1504 3175 1603 3238 Domi·
1674 3200 1676 3321 p

360 3262 421 3320 lem
442 3260 592 3320 virtutem.
616 3257 718 3336 Neque
739 3257 851 3332 refert,
883 3258 964 3337 quod
1002 3277 1077 3322 num
1094 3262 1340 3323 Deomtunmec
1361 3268 1420 3322 toto
1440 3263 1600 3324 cordetuo.

362 3343 401 3421 is,
423 3343 470 3404 cui
491 3343 602 3404 bonum
617 3343 674 3402 boc
690 3349 819 3418 amatur,
833 3341 872 3402 sit
882 3359 964 3402 crea·
1003 3343 1064 3404 lam
1083 3361 1153 3405 vero
1165 3343 1337 3406 mandatum
1350 3344 1429 3407 istud
1441 3344 1531 3406 nobis
1546 3362 1603 3405 non

364 3435 426 3488 tum
444 3426 535 3507 qnid:
559 3445 627 3487 nam
655 3426 713 3486 boc
731 3443 791 3486 non
809 3425 894 3486 obest
912 3443 963 3487 ra·
1003 3427 1169 3508 imponitur
1186 3428 1252 3490 sine
1271 3429 1416 3490 relatione
1444 3428 1482 3492 ad
1503 3447 1559 3489 nos
1577 3427 1602 3488 i-

362 3510 440 3574 lioni
468 3510 587 3572 virtutis
620 3509 814 3587 theologalis;
844 3509 922 3572 sicut
947 3529 964 3572 e
1004 3530 1085 3592 psos,
1102 3520 1136 3572 ut
1154 3519 1235 3592 patet
1255 3531 1291 3574 ex
1311 3513 1491 3590 adiectione,
1508 3521 1602 3588 tuton,

359 3595 527 3673 contrario,
548 3594 573 3657 si
603 3613 663 3674 qua
681 3593 775 3656 vir-tus
792 3593 965 3656 immediate
1005 3614 1083 3675 quae
1109 3595 1233 3676 perinde
1250 3598 1328 3660 valet
1356 3617 1411 3660 ac:
1434 3596 1605 3660 Creatorem

363 3688 478 3742 tantum
502 3679 620 3756 attingit
644 3677 800 3740 materiam
820 3687 963 3755 creatam,
1005 3688 1102 3755 tetum,
1135 3679 1356 3743 benefactorem
1375 3690 1473 3759 tutem,
1494 3681 1605 3742 bonnm

360 3763 500 3842 quamvis
518 3763 599 3824 illam
619 3770 711 3838 amet,
738 3763 783 3824 vel
801 3763 911 3826 reserat
929 3763 965 3825 ad
1006 3772 1102 3840 loom,
1119 3762 1249 3843 ideoque
1264 3765 1361 3827 omnis
1379 3765 1432 3827 Dei
1444 3783 1533 3828 amor
1547 3773 1606 3827 ten·

364 3866 523 3926 personam
553 3847 715 3908 increatam
752 3854 895 3926 tanquam
929 3847 966 3909 ad
1006 3847 1050 3908 dit
1066 3846 1097 3908 in
1117 3847 1222 3924 Deum,
1242 3857 1275 3910 ut
1304 3849 1392 3911 nobis
1414 3868 1535 3912 summe
1554 3849 1605 3910 bo-

362 3930 530 4008 obieotum‚
548 3931 597 3992 cui
617 3949 676 3990 non
700 3931 773 3992 satis
795 3939 841 3992 est
859 3930 897 3992 ad
914 3949 966 3993 ra·
1006 3950 1098 3992 num:
1122 3950 1182 3992 non
1202 3932 1294 4010 igitur
1311 3933 1509 4011 distinguitur
1527 3948 1607 3996 amor

364 4012 477 4073 tionem
489 4013 606 4075 virtutis
622 4013 806 4090 theologicae
819 4014 880 4093 (1).
1007 4015 1071 4096 spei
1092 4015 1131 4077 ab
1150 4035 1253 4078 amore
1278 4017 1423 4080 caritatis.

407 4095 460 4156 ts.
481 4095 525 4160 Ad
541 4095 572 4157 Ξ.
587 4099 624 4158 t).
645 4097 746 4162 Potest
758 4097 848 4159 etiam
869 4097 907 4160 ad
919 4117 968 4160 ca·
1049 4099 1102 4160 t5.
1127 4098 1217 4181 Resp.
1241 4101 1315 4182 Nep.
1336 4101 1480 4182 Alioquin
1499 4119 1606 4181 seque-

361 4177 484 4240 ritatem
500 4188 646 4261 spectare,
668 4181 727 4258 C.;
748 4180 786 4242 ad
805 4182 899 4242 solam
919 4201 968 4244 ca·
1007 4190 1105 4260 retur,
1125 4202 1182 4245 nos
1200 4184 1280 4246 baud
1306 4203 1396 4266 posse
1414 4185 1510 4247 Deum
1532 4186 1608 4246 inse

363 4263 505 4340 ritatem,
539 4265 578 4328 N.
612 4263 685 4324 Nam
711 4283 872 4346 possumus
904 4274 966 4328 tum
1008 4266 1145 4344 diligere,
1162 4267 1222 4330 nisi
1239 4268 1353 4332 directe
1372 4277 1402 4332 et
1417 4271 1528 4332 ressese
1542 4286 1608 4349 spe·

364 4345 458 4408 Deum
487 4347 709 4428 supernaturali
730 4347 847 4408 ratione
865 4368 968 4412 amare
1007 4358 1140 4413 claretur
1157 4360 1191 4413 ut
1222 4353 1336 4414 bonnm
1368 4362 1506 4415 nostrum
1523 4369 1608 4431 ‚·seu

360 4441 394 4492 et
413 4431 501 4494 nobis
533 4440 564 4494 et
589 4430 657 4494 aliis
680 4431 771 4494 etiam
794 4439 827 4494 ut
855 4431 967 4496 bonum
1008 4453 1124 4497 merces
1143 4444 1268 4514 nostra;
1302 4437 1384 4518 quod
1400 4439 1550 4499 absonum
1567 4441 1608 4497 est

1040 4550 1080 4617 (ἰ)
1099 4550 1139 4602 Gi.
1153 4567 1174 4601 s.
1189 4551 1280 4603 Tbom.
1291 4549 1326 4612 ΙΙ,
1339 4555 1365 4613 2,
1383 4567 1411 4618 q.
1437 4555 1479 4613 tt,
1492 4555 1569 4602 arud
1585 4555 1608 4600 et

398 4611 437 4682 (¹)
461 4613 533 4683 95⁸1)-
550 4619 574 4678 ⁴2
593 4623 655 4667 ⁵0⁰²·
669 4621 696 4670 5·
918 4635 937 4663 ·-
1007 4622 1033 4672 8.
1048 4618 1111 4670 ltom
1123 4623 1229 4682 Suarez,
1247 4626 1312 4671 sect.
1332 4623 1358 4682 7,
1371 4635 1400 4670 u.
1417 4623 1433 4669 ³
1452 4628 1478 4671 ct
1491 4623 1517 4670 7.
1674 4606 1676 4657 Ι
