3700 5659
444 535 506 600 tte
823 581 827 588 ·
929 551 1128 602 recontrans

398 662 512 717 mnes,
535 661 613 722 quae
631 640 669 704 ad
691 659 759 709 eam
782 645 998 725 requiruntur,
1043 661 1081 704 ne
1098 639 1224 702 nimium
1250 656 1300 701 res
1316 640 1537 720 protrahatur,
1558 661 1646 722 quum

400 727 517 806 egregie
534 725 674 803 attingat,
694 745 843 790 summam
865 729 1004 790 videlicet
1042 725 1080 788 ad
1099 723 1244 786 ulteriora
1271 723 1311 786 sit
1334 724 1577 804 properandum.
1598 726 1647 796 Qui

341 870 344 875 .
399 809 658 885 coniunctionem,
679 809 818 873 eximiam
836 813 1003 874 communi·
1042 810 1090 872 bis
1107 809 1285 885 delectatur,
1301 808 1412 888 poterit
1426 808 1512 888 apud
1529 810 1646 872 ecbola·

399 894 704 971 sationem,aliasque
723 895 861 976 superius
874 916 1002 958 enume·
1041 894 1135 956 stieos
1155 891 1335 954 sitimsuam
1354 892 1476 972 explere
1492 893 1558 975 (3).
1574 966 1583 978 ¹

398 988 491 1042 tatas.
513 977 553 1038 Ex
582 977 693 1057 quibus
718 981 859 1042 omnibus
877 981 1002 1042 confici·

398 1069 459 1137 tur,
475 1061 578 1122 habita
595 1061 711 1122 ratione
725 1071 833 1139 status,
854 1065 942 1142 louge
952 1083 1003 1126 su·
1235 1058 1407 1106 ⁹¹¹⁰¹²⁰⁵¹T¹⁰
1422 1058 1456 1104 V·

398 1163 505 1228 perere
516 1145 670 1206 caritatem
688 1145 719 1206 iu
730 1146 789 1208 vita
802 1147 889 1210 beata
904 1150 1000 1226 illam,
1150 1138 1425 1220 &elucescentem
1437 1144 1555 1192 emotum

399 1247 478 1308 quae
497 1228 527 1288 iu
542 1228 589 1290 via
608 1228 713 1290 baberi
728 1231 833 1311 possit,
853 1231 945 1312 idque
963 1233 1003 1294 ob
1233 1212 1456 1270 montaneam.

398 1311 609 1392 perfectiones,
626 1331 704 1392 quae
720 1314 832 1391 gloriae
846 1316 939 1378 statui
951 1316 1004 1377 ad·
1086 1309 1159 1374 208.
1193 1307 1304 1372 Partim
1335 1309 1524 1387 dogmatica,
1543 1320 1644 1392 partlm

399 1414 492 1457 nexae
511 1406 581 1475 sunt
608 1397 647 1458 ob
668 1396 814 1460 visionem
836 1399 890 1462 Ilei
908 1400 1003 1462 intui·
1042 1392 1221 1456 scbolnstica
1250 1401 1296 1456 est
1323 1393 1487 1456 enunciata
1509 1399 1646 1476 proposi-

399 1479 487 1540 tivam
509 1479 570 1558 (l).
1043 1478 1098 1540 tio.
1141 1476 1207 1548 Qua
1248 1477 1416 1554 dogmatica
1459 1487 1542 1554 est,
1586 1481 1647 1542 ferit

441 1563 515 1622 ⁰206.
542 1562 621 1624 biri:
648 1563 691 1626 Ob
711 1565 906 1644 perfectiones
921 1567 1004 1630 illins
1043 1562 1264 1624 lutberauos‘et
1280 1561 1463 1639 calvinistae,
1481 1563 1540 1642 qui
1558 1572 1593 1624 ut
1606 1584 1646 1625 et·

398 1654 495 1708 statas
515 1647 671 1726 proprios:
689 1666 757 1708 nam
773 1649 830 1710 sub
854 1651 922 1711 aliis
948 1651 1003 1712 ad·
1043 1645 1471 1724 tollantlidem,quamsolam
1487 1646 1646 1709 iustifican-

399 1729 552 1810 spectibus
571 1748 633 1790 rem
656 1733 836 1811 spectando,
855 1735 936 1814 quod
955 1743 1004 1796 at·
1045 1737 1124 1806 utu,
1154 1739 1185 1791 et
1203 1729 1324 1810 quidem
1342 1729 1515 1791 formaliter
1540 1731 1645 1793 iustili-

399 1813 476 1874 tinet
497 1813 534 1876 ad
554 1813 689 1876 habitum
707 1816 753 1876 vel
772 1825 870 1878 actum
891 1818 1004 1879 carita-
1029 1823 1162 1874 <eanum
1186 1813 1309 1890 dicunt,
1325 1813 1500 1894 deprimunt
1518 1815 1646 1878 caritatis

399 1896 450 1973 tis,
472 1898 524 1976 qui
545 1897 650 1958 baberi
672 1899 766 1978 possit
783 1901 814 1960 in
839 1901 886 1963 via
918 1921 1018 1964 com-·
1043 1897 1204 1974 virtutem,
1229 1895 1352 1978 perinde
1373 1916 1408 1958 ec
1433 1897 1461 1958 si
1485 1897 1566 1960 baec
1592 1901 1644 1960 mi-

399 1990 505 2062 parate
523 1981 560 2042 ad
580 1981 716 2042 habitum
735 1991 765 2044 et
782 1993 882 2046 aetum
900 1985 932 2046 in
954 2005 1007 2067 pa·
1044 2000 1102 2042 nus
1120 1982 1225 2044 efficax
1249 1981 1410 2062 minusque
1426 1982 1544 2043 nobilis
1560 1992 1641 2044 esset.

398 2065 483 2142 tria,
506 2064 642 2146 plerique
661 2066 793 2145 theologi
818 2077 954 2130 statuunt
977 2073 1007 2128 l·
1044 2062 1110 2134 Qua
1124 2084 1193 2126 vero
1211 2065 1391 2126 scholastica
1404 2074 1451 2126 est
1468 2068 1642 2146 propositio,

401 2148 557 2210 caritatem
587 2149 653 2212 viae
683 2158 714 2212 et
747 2153 861 2232 patriae
893 2154 1006 2214 habere
1045 2167 1082 2209 ea
1096 2147 1261 2210 adstruitur
1276 2150 1417 2210 adversus
1435 2149 1598 2226 theologos
1615 2152 1645 2211 il-

399 2251 488 2311 posse
518 2232 629 2308 gradus
660 2234 840 2298 intensionis
870 2237 1005 2298 eiusdem
1046 2232 1117 2308 los,
1138 2233 1216 2312 qni,
1237 2233 1306 2292 licet
1322 2232 1474 2293 fateantur
1491 2232 1525 2292 in
1543 2252 1644 2310 genere

400 2317 524 2376 omnino
548 2317 675 2378 rationis
691 2317 770 2378 inter
791 2337 847 2397 se;
868 2321 901 2381 2⁰
918 2339 1007 2401 posse
1046 2316 1139 2377 moris
1167 2334 1203 2377 ac
1219 2316 1337 2377 virtutis
1353 2317 1510 2377 raritatem
1530 2317 1642 2378 virtuti-

399 2415 467 2458 esse
486 2398 681 2460 intensiorem
700 2401 733 2461 in
747 2401 849 2482 aliquo
868 2404 981 2465 viatore
995 2452 1005 2482 ,
1048 2399 1104 2461 bus
1119 2399 1187 2461 aliis
1204 2401 1393 2477 antecellere,
1407 2408 1543 2460 attamen
1558 2403 1588 2460 iu
1601 2421 1642 2475 se,

401 2499 493 2560 quam
508 2482 539 2542 in
559 2481 662 2560 aliquo
674 2487 928 2564 comprehensore
943 2488 1005 2567 (2);
1046 2483 1077 2543 iu
1094 2494 1199 2545 natura
1219 2503 1296 2561 sua,
1313 2502 1367 2544 seu
1384 2484 1560 2562 ontologice
1580 2504 1643 2565 spe-

401 2565 435 2623 30
454 2565 515 2626 imo
536 2566 692 2646 probabile
723 2578 870 2648 censent,
896 2570 928 2632 in
945 2591 1006 2633 nno
1046 2575 1156 2628 ctutam
1174 2567 1360 2629 contendunt
1376 2585 1443 2629 earn
1459 2568 1572 2630 cedere
1588 2570 1642 2628 rir-

315 2647 327 2657 ‘
402 2647 572 2728 eodemque
607 2651 743 2712 subiecto
765 2654 920 2716 caritatem
950 2675 1006 2736 pa·
1047 2652 1102 2712 tuti
1119 2652 1200 2729 fidei,
1219 2653 1297 2731 quae
1315 2651 1512 2713 excellentior
1526 2661 1583 2729 est,
1601 2661 1643 2713 ut-

401 2732 479 2793 triae
510 2751 570 2794 nen
603 2735 745 2797 excedere
773 2737 805 2798 in
837 2739 1006 2801 intensione
1045 2745 1115 2814 pote
1144 2755 1222 2816 qrrae
1249 2744 1363 2816 spectat
1380 2735 1419 2796 ad
1447 2735 1641 2810 intellectum,

400 2833 552 2890 summam
589 2819 768 2897 caritatem,
793 2841 884 2902 quam
913 2823 1007 2884 invia
1045 2821 1098 2898 qui
1116 2820 1317 2899 praestantior
1341 2819 1499 2882 voluntate
1528 2829 1591 2898 est,
1612 2821 1644 2881 ad

402 2898 519 2961 habuit.
542 2899 635 2981 idque
654 2906 840 2984 praesertim,
861 2907 886 2968 si
900 2908 1007 2969 merita
1045 2922 1136 2982 quarn
1153 2903 1283 2984 pertinet
1295 2904 1417 2964 caritas.
1579 2949 1583 2958 .

403 2985 583 3046 mortificata
600 2987 804 3066 reviviscunt,
822 2999 911 3070 prout
927 2999 1007 3052 tenet
1087 2987 1161 3048 209.
1181 2987 1220 3048 llt
1237 2989 1294 3048 sub
1325 3006 1523 3067 quocumque
1543 3006 1644 3068 respe-

402 3068 573 3130 communis
590 3071 750 3148 sententia,
767 3081 798 3133 et
811 3084 1004 3149 augmentum
1044 3079 1093 3131 ctu
1105 3071 1214 3133 ceteris
1231 3071 1392 3132 virtutibus
1408 3072 1556 3133 omnibus
1568 3091 1646 3153 prae

402 3152 528 3226 gratiae,
549 3153 629 3230 quod
647 3155 808 3233 respondet
825 3159 943 3219 actibus
959 3177 1006 3219 re-
1045 3156 1155 3215 cellere
1185 3155 1353 3228 caritatem,
1385 3162 1449 3216 tum
1476 3153 1646 3236 Scripturas

404 3232 518 3309 missis,
540 3235 640 3296 statim
661 3236 769 3313 detor,
788 3249 877 3320 prout
893 3242 1006 3320 pariter
1045 3257 1081 3298 ao
1112 3248 1214 3318 patres
1239 3239 1371 3316 docent,
1396 3247 1460 3300 tum
1484 3241 1567 3300 ratio
1588 3240 1646 3319 ipsa

400 3317 592 3378 communius
610 3319 787 3384 admittitur.
1044 3323 1161 3384 suadet.
1182 3324 1224 3384 Ac
1245 3323 1342 3404 primo
1360 3323 1518 3403 apostolus
1537 3323 1562 3383 l.
1584 3323 1644 3385 Cor.

444 3399 517 3461 eol.
540 3404 635 3482 Atque
658 3404 732 3465 baec
756 3415 827 3466 sunt
846 3407 1004 3483 theologo·
1045 3422 1111 3478 utu,
1132 3406 1173 3467 13
1196 3407 1340 3468 instituta·
1350 3407 1582 3486 comparatione
1599 3425 1646 3467 ca-

400 3500 468 3544 rum
486 3485 615 3565 placita,
636 3506 715 3567 quae
734 3491 839 3551 maiori
859 3491 1005 3554 minorive
1045 3489 1143 3551 ritatis
1173 3507 1241 3551 oum
1271 3491 1330 3551 fide
1353 3499 1385 3550 et
1402 3508 1481 3569 spe,
1512 3490 1648 3551 absolute

400 3568 612 3646 probabilitate
649 3573 784 3634 nituntur
818 3574 1002 3651 adstruere,
1044 3573 1229 3653 pronuntiat:
1248 3575 1336 3636 Nunc
1352 3583 1450 3635 nutem
1470 3584 1596 3635 moneat
1613 3576 1647 3654 fi-

400 3662 490 3730 prout
522 3654 671 3716 rationum
699 3668 872 3735 momenta,
893 3660 1005 3738 quibus
1044 3659 1334 3736 desperarem,
1359 3658 1535 3730 trinitrem
1555 3660 1648 3719 molor

401 3752 437 3796 ee
459 3735 612 3814 fulciunt,
636 3739 674 3800 ad
691 3742 930 3820 persuadendum
950 3762 1005 3803 va·
1045 3750 1147 3803 eutem
1167 3743 1277 3803 boram
1290 3749 1333 3803 est
1353 3744 1479 3804 sorites.
1497 3740 1565 3802 lmo
1582 3760 1647 3802 vero

401 3817 475 3894 lent,
491 3839 629 3902 quaeque
648 3823 776 3886 hicnon
795 3827 1002 3907 expendimus,
1044 3825 1156 3886 ibidem
1175 3826 1242 3886 siue
1258 3825 1385 3886 oaritme
1402 3825 1479 3885 nibil
1507 3825 1649 3906 prodesse

433 3999 1647 4072 (MffiwfflmfflmssfflmmbWpffiwmssmmmpmffim

401 4068 1648 4143 mfflmmmfflmwmpzwmmmmmwpffimm

400 4133 1644 4208 mdmfflfflmfflmmmmwmwmwmwmwffl

401 4202 1642 4275 mmmmmfflmmwmmmmpmmmmw,wwmmmwm

399 4269 1647 4341 waQOmwmmmmw-mmemffissnmmwfflmoem

398 4333 502 4386 rinntur
520 4353 551 4386 ex
564 4337 671 4388 visione.
1043 4345 1111 4409 paris
1129 4344 1290 4394 intensionis.
1313 4341 1404 4407 Quoad
1431 4342 1568 4392 caritatem
1591 4355 1647 4390 vero

433 4403 472 4468 (f)
490 4405 567 4464 Sarte,
586 4403 676 4456 scribit
699 4407 851 4458 Suereziurz
872 4411 908 4460 De
929 4410 1003 4460 boote
1042 4411 1168 4460 actualem
1191 4418 1292 4472 censet,
1322 4410 1605 4473 attemperatione«,
1621 4415 1647 4457 ut

400 4467 1644 4546 memmmmmstmmmmimbwwnmwpmmmmm

397 4537 493 4588 stendit
513 4544 537 4588 in
553 4549 615 4590 tom.
630 4544 654 4590 l.
669 4543 705 4592 De
718 4545 769 4592 otto
780 4543 885 4605 lerirta',
898 4545 965 4612 disp.
975 4551 1002 4606 5,
1041 4545 1157 4594 srvbieoto
1175 4546 1341 4596 intensiorem
1358 4560 1444 4595 aurore
1461 4545 1520 4596 viee
1536 4559 1602 4594 esse.
1619 4542 1646 4591 bt

393 4613 461 4654 nect.
475 4609 500 4655 t.
1042 4624 1076 4662 rte
1086 4629 1172 4682 porro.

432 4671 471 4736 (5)
484 4675 580 4723 Suarez
599 4672 637 4724 De
658 4679 733 4726 coeit.
750 4677 819 4744 disp.
842 4682 867 4740 3,
891 4688 955 4730 sect.
973 4686 1000 4731 t.
