3700 5659
405 537 445 599 311
929 547 968 591 us
985 547 1054 591 rma

364 641 491 728 proinde
506 641 570 704 sine
590 639 728 724 propriae
747 638 856 703 salutis
871 639 970 700 iactu·
989 639 1092 733 (66115
1110 637 1190 701 nteit
1212 639 1346 718 proderit
1373 639 1435 722 (6).
1454 639 1614 722 61161615

364 748 399 789 ra
420 734 518 808 potest
539 727 601 788 Deo
629 725 778 787 revelante
804 725 970 787 detrectare
1011 721 1129 800 dixerit,
1144 723 1305 785 articulum
1325 723 1567 788 circumcisionis
1581 726 1616 788 ad

365 811 479 874 fidem?
498 809 571 872 Cum
603 808 694 888 igitur
713 817 794 871 certo
824 807 969 870 constite-
1012 806 1250 869 fundamentales
1264 808 1443 888 pertinere?
1458 809 1616 872 Praeterea

365 897 405 958 rit
425 893 517 956 alicui
545 912 599 976 per
617 893 852 975 propositionem
872 892 971 954 ecole—
1011 889 1139 953 lacobus
1156 891 1329 971 apostolus,
1352 892 1546 972 Quicumque,
1569 894 1614 953 in-

367 979 453 1055 5166,
474 978 607 1059 aliquam
627 977 721 1039 Deum
744 977 897 1039 veritatem
919 993 971 1036 16-
1012 974 1089 1054 quit,
1113 983 1204 1036 totum
1222 975 1312 1056 leuem
1328 979 1503 1056 seruaverit,
1523 978 1616 1057 offen-

366 1064 504 1138 velasse,
524 1061 599 1144 quin
631 1080 688 1123 cen
709 1060 839 1122 infidelis
868 1058 973 1121 baberi
1012 1061 1064 1121 dot
1080 1067 1181 1121 eutem
1193 1059 1226 1120 in
1239 1077 1311 1136 ono,
1323 1061 1471 1140 (66115651
1484 1063 1617 1124 61161611

366 1147 438 1210 16111
455 1165 490 1208 56
508 1156 648 1209 aeternae
670 1143 870 1206 damnationis
888 1161 970 1221 reus,
1012 1159 1082 1204 1615
1090 1165 1104 1216 ,·
1122 1143 1174 1221 qui
1190 1143 1270 1205 entim
1286 1144 1377 1204 dicit:
1396 1145 1465 1208 Non
1480 1147 1616 1208 moccle-

367 1230 638 1312 nequitassensurn
648 1249 737 1293 suum
751 1228 904 1290 cohibere.
915 1225 974 1288 Res
1014 1227 1117 1302 beria,
1141 1227 1220 1290 dicit
1245 1235 1293 1289 et:
1320 1228 1388 1291 Non
1416 1229 1529 1292 66611165
1557 1230 1616 1308 (1).

368 1335 422 1398 per
438 1331 471 1377 se
486 1323 567 1396 patet
582 1313 643 1394 (1).
1014 1309 1107 1372 Porro
1134 1309 1239 1372 eadem
1259 1320 1306 1372 est
1331 1310 1408 1372 ratio
1434 1312 1618 1389 agendorum

414 1396 750 1478 lectionemque
781 1395 859 1457 inter
876 1393 975 1457 varias
1014 1402 1153 1475 respectu
1183 1394 1378 1476 imperantis,
1399 1414 1433 1457 ac
1452 1396 1619 1460 credendo·

368 1483 509 1544 veritates
529 1501 546 1544 a
570 1481 631 1543 lleo
656 1481 801 1542 revelatas
819 1487 849 1541 et
865 1479 903 1540 ab
922 1498 975 1539 ec·
1015 1497 1083 1540 rum
1102 1486 1240 1558 respectu
1261 1479 1422 1542 revelantis
1439 1501 1448 1558 ;
1470 1480 1619 1562 quemad-

371 1565 463 1628 clesia
474 1564 643 1649 propositas
657 1563 799 1626 discernit
813 1561 977 1625 credendas
1017 1561 1139 1623 niodum
1158 1562 1250 1638 igitur
1276 1581 1348 1624 reus
1367 1563 1417 1641 fit,
1439 1567 1493 1645 qui
1511 1565 1561 1626 rel
1591 1565 1619 1624 in

372 1669 468 1712 anon
487 1648 665 1726 credendis,
690 1649 721 1709 in
740 1647 870 1710 iudicem
890 1665 922 1708 se
942 1665 977 1708 e·
1018 1665 1078 1707 uno
1097 1645 1220 1707 obedire
1236 1645 1391 1722 detrectat,
1414 1648 1456 1710 ita
1483 1650 1517 1710 fit
1539 1667 1618 1720 reus,

371 1734 453 1812 rigit,
470 1753 526 1796 nec
541 1733 613 1810 fleo,
628 1732 681 1794 sed
698 1732 757 1794 sibi
770 1731 858 1793 unice
869 1730 976 1808 credit,
1019 1730 1124 1810 quivel
1136 1729 1167 1791 in
1179 1749 1239 1791 uuo
1255 1729 1382 1792 articulo
1398 1732 1521 1795 credere
1538 1751 1622 1794 recu-

373 1818 458 1880 iuxta·
471 1817 547 1879 illud
559 1815 717 1893 Augustini
733 1816 775 1878 sic
788 1814 979 1877 Manichacus
1018 1823 1066 1876 sat
1084 1813 1145 1894 (8).

373 1901 538 1980 arguentis:
558 1901 602 1978 Si,
629 1903 705 1980 quod
731 1901 840 1977 voltis,
867 1899 894 1960 ei
913 1898 979 1980 (Ε-
1064 1895 1622 1963 1311111166651611151666611-

373 1986 528 2067 coopello)
563 1985 711 2048 credimus
731 2033 740 2064 ,
760 1993 789 2048 et
823 1985 900 2062 quod
918 2001 980 2044 non
1020 1990 1174 2063 comperta
1206 1981 1264 2044 fuit
1296 1982 1453 2046 universae
1488 1985 1621 2065 antiqni-

373 2069 518 2148 calliaci
535 2088 596 2132 nore
615 2071 773 2148 credimus,
791 2069 852 2131 ium
869 2085 931 2130 non
944 2068 982 2130 u-
1021 2066 1075 2127 tati
1098 2064 1331 2128 ecclesiasticae.
1353 2067 1489 2130 Ecclesia
1513 2070 1622 2150 qnippe

375 2155 409 2229 lt,
428 2157 478 2218 sed
496 2155 576 2217 vobis
602 2155 750 2217 credimus
770 2153 831 2233 (3),
851 2151 981 2232 ideoque
1022 2168 1230 2230 quoscumque
1249 2151 1430 2229 haereticos,
1450 2153 1503 2232 qui
1522 2154 1568 2214 vel
1589 2173 1622 2214 u·

378 2257 439 2298 nou
458 2237 579 2316 effugiet
596 2237 815 2300 incredulitatis
833 2243 948 2298 notam.
1022 2233 1181 2295 niveritati
1195 2252 1213 2294 a
1229 2253 1262 2300 se
1274 2233 1413 2297 definitae
1425 2237 1621 2311 obstitissent,

433 2323 505 2383 tae.
535 2319 585 2381 lll.
610 2319 667 2381 Per
685 2321 742 2382 hoc
774 2327 902 2400 systema
927 2319 982 2381 de·
1023 2318 1213 2379 anathemate
1230 2319 1390 2398 percussit,
1408 2327 1500 2401 atque
1524 2321 1624 2382 asinu

377 2404 505 2466 struitur
519 2403 589 2465 fidei
606 2403 716 2482 unitas,
737 2403 878 2466 statuitur
897 2401 985 2483 spiri·
1025 2419 1093 2479 suo,
1111 2420 1194 2464 seua
1208 2404 1488 2466 suacommunioue
1504 2405 1624 2467 omnino

379 2497 427 2550 tus
460 2487 593 2569 privatus
615 2506 775 2568 supremus
802 2487 891 2550 iudex
908 2485 984 2547 arti·
1025 2485 1174 2563 exclusit,
1195 2484 1313 2548 etiamsi
1333 2487 1371 2548 de
1387 2488 1548 2566 articulis,
1568 2508 1625 2550 nou

379 2573 519 2634 culorum
543 2571 760 2633 credendorum
780 2579 809 2634 61
837 2587 984 2632 11611616-
1025 2569 1303 2632 fundamentalibus
1328 2589 1363 2632 ex
1387 2571 1624 2634 adversariorum

380 2657 565 2733 dendorum,
580 2655 753 2718 dissolvitur
771 2653 871 2717 unitas
887 2655 985 2716 eccle·
1026 2655 1197 2731 sententia,
1217 2654 1371 2732 agebatur.
1391 2654 1436 2718 lta
1454 2657 1626 2738 proscripsit

380 2740 989 2818 5156611165116616565611116116515111115
1026 2739 1175 2801 haeresim
1195 2737 1351 2816 loriniani,
1371 2737 1543 2819 vigilantii,
1563 2741 1624 2802 ico·

381 2824 462 2887 llaec
477 2843 566 2906 porro
593 2824 694 2886 omnia
712 2825 881 2887 universam
900 2822 986 2885 labe·
1027 2823 1253 2897 noclastarum,
1282 2831 1515 2906 ceterorumque
1544 2824 1624 2887 eius-

381 2910 494 2971 factaut
518 2907 698 2971 christianae
720 2907 875 2986 religionis
894 2926 986 2969 oeco—
1028 2906 1130 2983 modi,
1150 2906 1202 2988 qui
1224 2906 1410 2984 antesignani
1428 2926 1463 2969 ac
1484 2927 1625 2989 praecur-

383 2993 530 3072 nomiam,
552 2993 634 3056 iurta
652 3013 741 3073 quam
758 3001 804 3054 est
821 3011 882 3054 una
900 2991 987 3070 fides,
1029 3009 1113 3052 sores
1127 2990 1356 3072 protestantium
1374 2992 1564 3054 exstiterunt.

383 3095 445 3139 una
463 3077 602 3154 ecclesia,
616 3077 760 3139 baeretici
779 3084 849 3138 sunt
867 3075 988 3158 proprio
1073 3074 1145 3136 133.
1164 3073 1569 3138 111161161166611611
1588 3076 1627 3138 di-

368 3160 497 3242 ,iudicio
514 3159 705 3221 condemnati
725 3161 785 3241 (3).
1029 3157 1149 3220 stinetio
1161 3157 1321 3220 arbitraria
1338 3178 1460 3240 prorsus
1476 3171 1523 3222 651
1536 3180 1572 3223 ac
1585 3180 1627 3221 re

368 3259 370 3330 ξ
428 3245 500 3305 130.
515 3241 564 3304 tv.
582 3240 739 3306 Eiusmodi
755 3241 908 3304 distinctio
924 3243 990 3304 nul·
1030 3242 1131 3304 111116.
1151 3241 1305 3323 Siquidem
1329 3243 1368 3305 ab
1392 3245 1628 3325 uniuscuiusque

367 3329 449 3389 1111
468 3327 559 3389 habet
576 3327 607 3388 in
627 3327 728 3389 bibliis
748 3327 988 3404 fundamentum,
1030 3325 1144 3406 privato
1162 3325 1271 3407 placito
1287 3327 1395 3408 pendet
1405 3329 1550 3391 articulos
1564 3328 1629 3390 fidei

386 3412 418 3473 in
439 3411 550 3492 quibus
568 3411 829 3489 indiscriminatim
847 3409 990 3472 veritates
1031 3418 1083 3471 aut
1108 3409 1188 3472 inter
1217 3410 1455 3474 fundamentales
1484 3421 1538 3476 aut
1556 3413 1629 3474 inter

386 3514 492 3558 omnes
513 3494 679 3558 credendae
697 3502 916 3578 proponuntur:
932 3495 991 3570 Qut
1031 3511 1090 3554 non
1110 3493 1348 3558 fundamentales
1367 3514 1544 3574 accensere,
1566 3516 1629 3559 cun
1685 3482 1686 3497 ¹

386 3580 547 3644 crediderit
566 3581 666 3646 561615
684 3581 755 3655 erit,
777 3581 990 3658 6616611616-
1031 3579 1375 3658 nullahabcatnrregula
1383 3579 1420 3642 ad
1427 3581 1516 3642 talem
1526 3581 1631 3643 discre-

384 3665 509 3741 didere't,
531 3663 856 3744 condemnabiturfdg
880 3663 992 3727 Docere-
1032 3661 1144 3724 tionem
1160 3662 1527 3745 faciendamlnsuperilli
1541 3665 1629 3727 iidem

385 3758 425 3811 165
437 3765 558 3811 5616616
571 3749 683 3824 ouante,
698 3765 895 3828 quoecumque
906 3765 992 3810 mun·
1032 3747 1175 3824 articuli,
1196 3747 1248 3827 qni
1267 3747 1418 3828 plerisque
1437 3749 1631 3829 protestanti-
1685 3760 1686 3763 ’

371 3833 454 3896 ,duni
478 3833 559 3896 uobis
586 3833 647 3913 (5).
670 3829 810 3903 Quinirno
836 3839 939 3913 aperte
957 3850 993 3893 ea
1035 3829 1092 3892 bus
1112 3831 1352 3893 fundamentales
1363 3840 1444 3910 sunt,
1458 3832 1629 3908 socinianis,
1685 3894 1686 3897 ,

386 3915 537 3977 distinctio
568 3934 586 3978 a
613 3915 707 3978 sacris
730 3915 838 3979 litteris
857 3915 993 3978 excludi·
1034 3915 1186 3994 quakeris,
1202 3914 1633 3995 swedenborgianis,mormo·
1685 3900 1686 3983 1

386 4006 446 4060 tur.
478 3998 595 4060 Etenim
625 4001 780 4080 apostolus
808 3999 845 4060 ad
874 3999 994 4062 Galatas
1034 3999 1124 4060 nibus
1142 4018 1202 4059 non
1220 4006 1290 4061 sunt
1312 4000 1564 4079 fundamentales,
1586 3999 1632 4082 qni

387 4081 502 4144 scribit:
520 4082 837 4160 Sictrcntneidotoini,
856 4083 995 4147 Clriotna
1035 4090 1086 4144 aut
1103 4082 1265 4145 trinitatem
1294 4103 1492 4166 personarum
1511 4084 1543 4146 in
1561 4085 1630 4160 Deo,
1685 4094 1686 4103 ¹

424 4213 462 4283 (1)
488 4215 569 4284 ldqne
587 4215 669 4267 fassus
687 4221 725 4266 est
750 4213 790 4266 vel
809 4215 863 4283 ipsc
885 4212 996 4266 Iudaeus
1070 4215 1109 4283 (6)
1131 4215 1214 4267 Galat.
1236 4213 1269 4279 V,
1284 4221 1310 4267 Ξ.

388 4283 501 4337 Orobius
520 4285 545 4334 in
565 4283 656 4336 danica
680 4281 815 4334 collatione
844 4297 903 4333 cum
928 4281 997 4333 Lim·
1070 4282 1108 4350 (7)
1123 4283 1185 4352 Cap.
1199 4282 1233 4345 ll,
1253 4287 1294 4347 10,
1309 4287 1349 4336 11.

388 4353 505 4414 burchle,
529 4351 590 4402 dnm
610 4351 652 4401 lric
674 4366 734 4401 curn
759 4349 948 4417 perstringebat
965 4366 997 4401 cx
1071 4351 1108 4419 (8)
1127 4351 1184 4417 Quo
1193 4367 1269 4402 sensu
1280 4353 1313 4404 ita
1324 4352 1355 4402 de
1365 4351 1498 4404 donatistis
1511 4347 1634 4402 scribebat

391 4421 502 4472 oraculis
521 4419 615 4470 veteris
637 4419 790 4468 testamenti.
1038 4434 1057 4468 5.
1072 4420 1232 4486 Augustinus
1249 4421 1375 4472 enacmin
1394 4421 1437 4471 l’s.
1456 4425 1506 4482 at,
1532 4434 1560 4470 n.
1582 4419 1631 4466 ta:
1685 4422 1686 4453 3

426 4485 979 4554 (1)1.111.5166111.11151111,65ρ.16.
1041 4485 1325 4551 «111111111511166111,
1344 4487 1370 4538 iu
1396 4488 1486 4555 paucis
1513 4500 1635 4537 nonme·
1685 4522 1686 4525 ,

425 4551 995 4622 tattttphrs.1V,sad'ttt.llt,t0,tt.
1038 4570 1107 4606 cum.
1133 4555 1183 4606 Sed
1205 4556 1231 4605 in
1249 4555 1296 4634 bis¹
1308 4555 1447 4624 pancis,in
1471 4553 1568 4623 quibus
1588 4567 1634 4602 non
1685 4556 1686 4637 (

427 4623 681 4689 (1)1161(·.111.16.
1040 4639 1157 4685 meeum,
1192 4639 1242 4673 uon
1274 4640 1310 4673 crs
1340 4633 1448 4691 prosunt
1478 4623 1577 4683 multa,
1612 4621 1636 4668 i¹1

426 4693 464 4757 (11)
483 4688 759 4752 1111111.11111’111,1ο.
1039 4690 1133 4757 quibus
1152 4707 1259 4741 mccrun.
1283 4716 1292 4736 a
