3700 5659
414 515 475 580 181
943 527 982 574 oe
999 527 1054 572 ser

1014 619 1105 683 uerba
1116 619 1267 682 intellecta
1282 626 1352 682 sunt
1364 619 1403 682 de
1418 619 1591 697 abnegatione

557 687 788 736 ⁰¹¹⁰“¹'⁰'‘'·
1015 703 1591 786 propriarumcupiditatumqnihusple·

417 791 489 855 too.
511 785 579 851 obi.
602 789 632 848 1ο
651 785 706 859 Qui
726 785 876 869 propriam
900 784 975 848 bea·
1015 788 1102 867 rique
1114 788 1251 850 homines
1266 806 1421 868 perperam
1434 808 1466 849 se
1478 788 1548 869 ipsos
1560 791 1591 850 di·

374 877 531 942 titudinem
547 881 640 954 optat,
661 881 691 932 et
709 881 829 952 propter
840 871 975 932 eiusdem
1016 871 1123 947 ligant,
1140 872 1337 953 umidumque
1352 872 1536 933 allectionem
1548 874 1590 933 hn-

373 962 515 1026 intnitum
538 965 691 1038 oporatur,
712 955 760 1015 hic
781 964 862 1016 certe
881 953 978 1032 diligit
1018 974 1190 1031 manarum,
1211 974 1290 1035 qnae
1314 955 1525 1035 impedimento
1540 963 1591 1018 snut

374 1066 407 1110 se
429 1047 540 1126 ipsum,
558 1040 688 1102 animam
705 1057 802 1114 strom,
816 1038 975 1100 utilitatem
1017 1049 1070 1100 ant
1096 1057 1163 1100 esse
1191 1047 1316 1119 possunt
1339 1039 1377 1099 ad
1403 1039 1502 1100 diviua
1526 1058 1591 1099 exse·

375 1149 481 1202 snam3
505 1137 536 1188 at
557 1142 627 1185 vero
650 1123 787 1183 Christus
814 1122 851 1183 ad
877 1122 978 1202 perle—
1017 1121 1136 1202 quenda
1152 1122 1591 1202 mandataaeternamqueniton

377 1215 506 1276 ctionem
526 1205 776 1269 contendentibus
798 1206 978 1268 contrariom
1019 1205 1250 1286 assequendam.
1272 1206 1307 1266 Et
1321 1225 1395 1267 sone
1411 1224 1470 1266 non
1485 1206 1593 1266 aliumio

377 1298 454 1358 vinm
489 1299 646 1354 monstrat.
671 1289 704 1350 2⁰
728 1289 843 1350 b'tenim
873 1287 977 1351 hlotth.
1020 1290 1147 1351 obiectis
1163 1289 1263 1350 verbis
1280 1308 1403 1350 sensum
1428 1308 1493 1350 esse
1518 1307 1592 1368 posse,

377 1397 437 1455 xvi,
457 1377 517 1440 di:
541 1376 575 1439 Si
593 1374 674 1453 ordo,
695 1371 810 1452 inquit,
831 1374 893 1434 onlt
914 1380 981 1452 post
1021 1393 1055 1434 er
1075 1393 1112 1434 eo
1131 1382 1226 1454 patet,
1248 1373 1329 1453 qnod
1344 1373 1472 1453 ipsemet
1486 1371 1593 1432 Glorislns

377 1483 424 1527 nte
441 1463 560 1533 uenire,
581 1459 702 1536 trhrreuet
725 1457 935 1536 semetipsum:
953 1465 983 1517 et
1022 1455 1125 1518 blntth.
1142 1475 1199 1531 rou,
1217 1456 1258 1519 29
1271 1457 1360 1517 vitam
1373 1467 1522 1518 aeternam
1533 1474 1595 1534 pne

378 1549 489 1610 iterum
510 1543 583 1603 buc.
599 1557 660 1616 xiv,
677 1538 850 1602 redicens:
868 1540 902 1601 st
917 1540 984 1618 qnia
1023 1541 1075 1602 mii
1088 1541 1155 1602 loco
1167 1550 1314 1621 proponat
1324 1541 1444 1602 dicens:
1460 1538 1595 1616 Orionisuoi

381 1631 460 1693 uertit
490 1628 529 1689 od
551 1643 616 1697 rne,
635 1631 663 1685 et
692 1640 753 1684 uon
781 1625 842 1686 odit
867 1634 984 1703 putrem
1023 1626 1179 1702 retinuerit
1197 1625 1317 1686 domium
1340 1625 1384 1686 cel
1408 1627 1516 1705 scotres
1527 1665 1594 1681 .....

379 1731 468 1776 eornm
486 1722 512 1772 et
530 1717 657 1771 matrem
678 1724 764 1768 sitnm
775 1751 867 1768 .....
888 1708 986 1770 mdiu
1023 1718 1262 1786 propternomeu
1276 1726 1385 1784 meum,
1401 1706 1596 1783 ceretiurtuoroo·

381 1806 478 1860 oedem
496 1802 525 1855 et
547 1793 681 1854 antinum
699 1807 797 1867 suono,
814 1808 875 1852 non
890 1798 985 1870 potest
1024 1792 1125 1870 cipiet,
1140 1800 1168 1853 et
1182 1793 1274 1853 odom
1291 1801 1445 1853 oeternum
1458 1787 1594 1868 orruibld.

382 1897 465 1943 mens
487 1895 547 1939 esse
570 1874 746 1953 disciputus.
767 1877 799 1935 3⁰
818 1873 892 1936 ilinc
910 1893 986 1954 apo·
1027 1874 1129 1935 blerito
1148 1884 1307 1955 propterea
1322 1874 1361 1935 ab
1385 1871 1548 1934 lnnoceotin
1562 1866 1597 1928 llll

383 1965 479 2026 stolus
490 1980 510 2038 ι,
524 1957 592 2022 Cor.
608 1975 669 2032 ιιιιι,
683 1958 718 2018 5:
732 1957 863 2034 Curitno,
875 1956 986 2037 inquit,
1028 1958 1193 2040 proscripto
1207 1965 1253 2019 est
1271 1958 1454 2039 propositio:
1475 1954 1597 2017 hordinio

383 2066 444 2110 unio
463 2044 591 2125 orruerit,
607 2059 681 2121 quoe
694 2059 749 2104 suo
764 2050 846 2104 solut.
859 2041 891 2102 tr
903 2040 989 2112 Quod
1027 2060 1087 2104 non
1108 2051 1166 2113 est,
1189 2043 1249 2103 nid
1266 2042 1449 2121 uhtreqntio,
1466 2056 1514 2100 sen
1528 2038 1566 2097 sut
1579 2035 1597 2094 i-

384 2140 415 2193 et
449 2127 584 2208 exemplo
621 2145 676 2187 suo
714 2126 892 2201 confirmat,
916 2124 988 2185 dum
1027 2126 1428 2206 petrureuuutiotio,qrrom
1448 2117 1597 2186 testudini·

386 2214 474 2275 Rern.
495 2231 539 2288 n,
554 2213 586 2283 3,
600 2209 642 2270 ita
654 2207 690 2268 de
703 2227 735 2270 se
746 2217 886 2270 testator:
903 2209 991 2284 Onto-
1028 2210 1136 2273 storin
1153 2210 1305 2289 eoouyelio
1322 2209 1465 2287 requirit,
1480 2213 1598 2283 postqum

388 2300 456 2360 hom
471 2314 523 2376 eoo
538 2293 598 2372 inse
616 2294 774 2354 onothemo
789 2310 849 2354 esse
864 2311 881 2352 ιι
902 2293 992 2354 Chri·
1030 2304 1126 2357 cetero
1144 2294 1247 2355 omorio
1263 2293 1473 2369 retinuerimus
1486 2289 1538 2368 (l).

388 2391 432 2442 sto
456 2397 512 2457 roro
536 2377 684 2455 frutribus
702 2377 794 2449 meis;
811 2375 883 2455 qrrid
903 2393 992 2456 perro
1076 2377 1148 2437 111.
1166 2376 1209 2437 nd
1225 2378 1244 2437 3
1264 2377 1301 2437 D.
1320 2375 1379 2445 Qui
1399 2395 1454 2437 sno
1468 2364 1598 2452 ornareritai

389 2463 448 2525 sibi
462 2462 544 2532 nult,
564 2460 733 2521 Arrutltemn
751 2477 770 2520 o
786 2459 905 2521 Christo
920 2476 992 2534 esee,
1034 2460 1236 2522 exclusionem
1255 2477 1372 2533 eorum,
1395 2476 1473 2540 qune
1486 2452 1598 2516 sontleso

391 2547 449 2608 nisi
470 2561 559 2606 nonne
578 2542 684 2603 salutis
711 2543 849 2624 propriae
875 2541 995 2603 deside·
1035 2543 1164 2618 Christi,
1186 2545 1239 2615 G.;
1255 2543 1307 2623 qni
1325 2562 1381 2604 sna
1400 2539 1514 2624 quaerit
1528 2537 1551 2596 in
1565 2551 1598 2594 or-

391 2631 471 2692 rinm
492 2627 610 2688 divinoe
632 2625 777 2687 voluntati
801 2625 945 2687 devovere
968 2635 998 2686 et
1037 2627 1106 2688 dine
1121 2627 1160 2688 ad
1177 2626 1272 2688 lesum
1290 2626 1455 2700 Christum,
1470 2624 1506 2686 N.
1520 2619 1599 2681 Sonus

416 2712 535 2794 roprine
553 2709 737 2772 damnationi
756 2709 947 2771 consentire?
967 2710 999 2770 5⁰
1037 2710 1166 2790 apostoli
1188 2719 1290 2791 aperte
1314 2711 1412 2790 liquet
1432 2710 1467 2770 εἰ
1486 2706 1534 2778 iis,
1548 2715 1598 2781 quet

394 2733 460 2860 beo
474 2795 561 2858 aliter
580 2792 685 2856 orabat
704 2791 835 2874 Moyses,
855 2813 922 2854 cnon
946 2811 998 2854 ve·
1039 2794 1112 2855 alihi
1129 2793 1246 2869 scribit,
1264 2803 1456 2874 mentemque
1471 2801 1599 2863 sinarnnpe

396 2882 478 2943 niam
493 2879 669 2961 populosuo
681 2876 997 2958 deprecaturusExod.
1039 2879 1090 2953 rit,
1110 2877 1228 2939 dicens:
1251 2878 1376 2953 Ornneo,
1394 2895 1467 2958 quoe
1482 2890 1530 2936 suo
1543 2872 1598 2959 seloh

396 2981 487 3040 xnorr,
508 2965 544 3025 31
568 2972 597 3024 et
614 2961 665 3036 32,
686 2961 728 3024 ita
745 2961 836 3023 Deum
852 2971 1001 3022 contesta-
1040 2970 1199 3040 uetuerunt,
1213 2979 1273 3022 uon
1284 2979 1359 3040 quoe
1379 2971 1450 3023 eorm
1465 2960 1524 3022 lesu
1537 2953 1599 3015 dtu·

398 3049 506 3111 hatur:
528 3045 722 3131 Autfldo'rnitte
735 3046 777 3107 eis
788 3047 865 3108 hono
877 3062 1000 3118 nouom,
1040 3045 1151 3125 alifi).
1166 3045 1271 3124 ltaque
1284 3064 1352 3106 cnm
1368 3044 1483 3117 scribit,
1498 3035 1600 3120 quodn-

399 3141 472 3206 out,
493 3129 520 3190 si
537 3146 598 3189 uon
620 3129 715 3208 socio,
731 3129 793 3190 dele
810 3146 857 3189 rue
874 3130 910 3190 de
928 3130 1004 3190 libro
1042 3131 1118 3192 ritus
1151 3147 1214 3192 uou
1238 3130 1355 3207 orruerit
1381 3146 1456 3208 qum
1474 3141 1524 3187 suo
1543 3122 1599 3183 sirint

399 3226 469 3286 tuo,
493 3227 579 3290 quem
606 3211 763 3290 scripsisti.
789 3211 830 3272 Ex
861 3211 908 3272 his
933 3229 1004 3288 ergo
1043 3212 1205 3289 significat,
1224 3231 1324 3274 nerano
1340 3217 1491 3274 caritatem
1510 3216 1600 3267 nonn-

400 3294 568 3359 Sernntoris
589 3292 777 3354 documentis
796 3307 1004 3356 summorum·
1045 3296 1136 3378 periri
1154 3296 1250 3370 iniis,
1270 3297 1322 3376 qui
1341 3293 1511 3378 temporalia
1521 3294 1601 3350 sector

402 3399 462 3462 qne
473 3379 605 3439 virorum
618 3378 753 3459 exemplo
766 3379 915 3457 seqnitur,
925 3379 1007 3459 quod
1046 3391 1096 3442 tur
1119 3389 1150 3442 et
1171 3380 1291 3462 propria
1314 3382 1510 3443 emolumenta
1528 3372 1552 3431 in
1567 3367 1602 3426 hu

403 3463 455 3546 qui
474 3461 613 3546 propriae
642 3460 836 3524 beatitudinis
860 3481 945 3544 spem
971 3481 1007 3524 o·
1046 3465 1123 3540 cita,
1142 3483 1202 3526 non
1218 3475 1319 3526 autem
1339 3483 1408 3541 eos,
1428 3462 1476 3544 qui
1494 3451 1601 3540 quaerunt

404 3565 536 3628 mneque
565 3544 747 3608 desiderium
778 3545 901 3622 obiicit,
922 3556 956 3608 nt
977 3546 1008 3608 io
1046 3549 1198 3610 Christum
1218 3547 1334 3625 lesum,
1356 3557 1390 3610 nt
1407 3567 1443 3611 eo
1460 3546 1602 3606 trnurnnrn

395 3633 470 3726 ,solo
486 3629 611 3692 caritate
630 3630 777 3712 quiescat,
794 3631 1009 3712 perfectionem
1048 3632 1223 3694 alteravita.
1236 3632 1377 3714 Alioquin
1389 3632 1452 3714 ipse
1464 3617 1600 3689 desiderint

399 3731 476 3778 ,nere
491 3714 627 3792 attingat.
828 3769 829 3772 ,
1051 3735 1110 3777 nou
1128 3715 1285 3778 habuisset
1296 3735 1362 3779 esse
1372 3736 1439 3778 cnm
1451 3709 1602 3789 consudet

333 3858 343 3870 „
395 3832 399 3864 ι
449 3800 523 3860 too.
543 3795 633 3878 Resp.
655 3793 692 3858 ad
712 3796 725 3857 1
749 3797 786 3858 D.
805 3795 908 3877 Diligit
930 3797 1010 3860 sei·
1050 3800 1109 3862 sibi
1127 3800 1279 3881 pollioitos
1296 3809 1376 3862 esset
1396 3811 1525 3862 eoronam
1542 3788 1601 3846 inso-

406 3901 514 3963 psum,
534 3881 667 3942 animam
686 3897 771 3942 suanno
795 3891 827 3944 et
849 3883 1011 3944 utilitatem
1050 3885 1111 3946 tiae
1129 3903 1148 3945 a
1166 3883 1246 3946 iusto
1265 3883 1363 3946 iudice
1388 3893 1528 3962 tamquam
1542 3879 1601 3951 lm'

408 3983 494 4026 snam
516 3964 652 4024 ordinate
676 3971 706 4024 et
729 3963 810 4025 iuxta
835 3965 888 4028 Dei
917 3965 1012 4028 bene·
1053 3967 1146 4029 minm
1160 3986 1284 4050 opernm
1303 3987 1439 4031 suorum.

409 4047 572 4129 placitum,
593 4048 643 4120 (λς
665 4045 834 4110 inordinate
863 4058 893 4112 et
910 4060 1015 4112 eontra
1097 4051 1169 4113 tre.
1196 4052 1242 4113 hd
1269 4053 1290 4114 1
1314 4061 1344 4114 et
1368 4054 1399 4114 5.
1423 4053 1459 4115 1).
1480 4040 1567 4107 Paulos
1581 4043 1602 4089 u

399 4130 593 4208 ¹uoluntatem
613 4127 678 4204 Ilei,
698 4131 736 4193 N.
1053 4133 1167 4216 hloyses
1193 4154 1247 4216 per
1267 4137 1426 4217 quemdam
1441 4126 1602 4197 excessnmtt

399 4209 402 4268 i
454 4213 526 4276 110.
543 4211 618 4272 not
638 4211 700 4274 sive
718 4212 757 4274 ad
777 4214 789 4274 1
813 4215 900 4295 prob.
920 4219 965 4290 1).
980 4236 1014 4279 ex
1054 4219 1271 4300 impossibilem
1295 4220 1475 4301 hypothesim
1496 4206 1569 4273 auito
1581 4208 1602 4287 ²?

410 4295 548 4372 Christo,
573 4294 625 4376 qni
646 4313 681 4390 ξε
709 4304 739 4358 et
769 4298 900 4361 enimam
928 4319 1014 4363 suam
1056 4303 1240 4366 beatitudine
1255 4305 1391 4368 excidere
1406 4304 1442 4367 ad
1455 4286 1602 4384 proximior

411 4380 583 4443 inordinate
602 4377 716 4457 diligit,
735 4399 795 4441 oon
816 4391 862 4444 est
879 4383 945 4446 eins
967 4385 1016 4447 di·

412 4465 558 4546 soipnlnS,
577 4464 631 4538 G.;
646 4463 697 4543 qni
713 4464 850 4528 ordinate
868 4487 901 4530 se
915 4487 1018 4531 suam·
1089 4453 1129 4518 (¹)
1150 4452 1224 4518 ΨΜ
1241 4461 1279 4504 ⁰⁸¹
1297 4457 1312 4503 ⁷
1330 4454 1398 4537 ‘¹¹¹9'
1414 4452 1528 4505 mmm
1540 4432 1563 4550 st
1571 4425 1602 4545 112

413 4567 473 4642 que
491 4548 621 4610 animam
640 4547 747 4625 diligit,
765 4551 804 4612 N.
821 4550 860 4612 Et
872 4563 1016 4635 perpetuo
1057 4520 1187 4639 bffoihril'
1205 4538 1234 4572 ex
1248 4538 1291 4589 op.
1305 4521 1424 4574 mm
1439 4525 1475 4569 m
1493 4517 1558 4561 mm

414 4648 495 4692 emm
508 4632 652 4696 ecclesiae
663 4652 753 4696 seusu
767 4635 895 4699 adducta
908 4639 1018 4702 Christi
1090 4657 1130 4725 le)
1142 4655 1256 4725 Philipp.
1265 4658 1299 4720 tt,
1312 4660 1354 4709 tt.
