3700 5659
410 436 470 498 {00
934 444 972 488 os
990 444 1057 488 rios

367 545 462 608 luisse
492 540 682 617 mortiferos,
702 546 792 620 atque
811 535 971 618 Apostolos
1010 541 1162 615 gerentur,
1183 557 1243 599 non
1275 541 1373 602 solnin
1402 540 1522 605 iudaice
1548 564 1612 607 cuin

368 628 568 690 nibilominus
595 626 660 687 sine
679 632 801 704 peccato
818 621 970 682 interdum
1011 621 1152 698 iudaeis,
1177 623 1230 684 sed
1258 625 1348 686 ctiam
1377 627 1531 702 gentiliter
1548 648 1612 692 cnm

368 713 439 774 illos
451 709 713 788 observasse,quia
731 724 790 769 non
805 704 973 766 intentione
1012 703 1181 768 Gentilibus
1196 707 1370 787 Apostolum
1388 711 1511 772 vixisse.
1525 713 1615 775 Adeo-

368 797 481 870 cultns,
501 793 554 856 sed
569 811 623 873 per
640 791 817 873 prudentem
844 788 973 850 simula·
1014 807 1072 869 que
1091 789 1133 852 ita
1151 790 1325 871 accipienda
1339 804 1409 856 sunt
1421 794 1615 860 obieciaici-

371 881 484 942 tionem
503 879 592 940 itase
618 875 774 954 gerebant,
794 872 882 954 quasi
904 891 973 934 ma·
1013 871 1064 950 ba,
1085 881 1119 934 ut
1140 871 1308 950 significent
1331 895 1436 939 eorum
1468 879 1615 942 conditio·
1680 911 1681 922 κ

372 964 518 1026 terialiter
535 959 617 1024 etad
647 969 784 1040 tempus,
804 957 883 1020 etin
902 974 974 1018 casu
1014 975 1083 1018 nem
1098 957 1196 1038 ipsum
1214 957 1362 1038 induisse,
1372 961 1474 1042 iisque
1487 981 1523 1025 se
1534 966 1615 1044 qnasi

371 1046 571 1122 necessitatis,
588 1063 642 1106 seu
657 1062 692 1104 ex
711 1044 790 1104 iusta
806 1060 909 1118 causa,
923 1049 975 1102 ut·
1015 1040 1146 1104 amicum
1165 1050 1195 1104 et
1219 1043 1342 1106 fratrem
1361 1045 1542 1124 praebuisse
1561 1050 1614 1128 (l).
1680 1067 1681 1106 i

373 1142 442 1214 pote
455 1130 507 1210 qui
522 1130 620 1191 solum
633 1127 778 1208 prohibiti
786 1133 887 1187 essent
902 1144 976 1204 qua·
1056 1125 1131 1188 tit.
1149 1124 1200 1186 lll.
1215 1123 1282 1188 Obi.
1306 1129 1336 1188 1⁰
1346 1128 1494 1192 Nouimus
1507 1149 1544 1192 ex
1556 1151 1618 1193 san·

372 1217 397 1277 si
417 1216 483 1275 inre
518 1212 651 1294 positivo·
677 1229 745 1271 curii
777 1209 976 1290 permissione
1015 1217 1132 1272 ctorum
1157 1211 1265 1287 gestis,
1290 1214 1453 1275 nonnullos
1477 1224 1619 1295 martyres
1678 1235 1681 1274 i

372 1300 434 1360 illis
452 1296 557 1360 utendi
572 1296 632 1375 (l).
659 1293 796 1355 Ceterum
816 1312 841 1354 s.
864 1293 975 1353 llocto-
1016 1293 1175 1356 simulasse
1191 1293 1391 1358 idololatriam
1415 1296 1453 1359 ad
1469 1297 1556 1360 idola
1571 1299 1619 1360 de·
1678 1321 1681 1356 i

375 1402 437 1444 rem
463 1381 614 1443 seniorem
636 1380 746 1439 laetum
776 1396 810 1438 ao
840 1376 975 1458 pacatio-
1016 1377 1171 1449 struenda,
1195 1387 1284 1458 prout
1302 1379 1428 1442 babetur
1447 1381 1480 1442 iu
1501 1381 1579 1444 actis
1596 1403 1617 1444 s.
1680 1407 1681 1442 i

373 1487 449 1543 reni,
469 1463 647 1526 sententiam
667 1471 810 1533 mutasse,
826 1480 852 1522 s.
873 1463 976 1536 Augu·
1016 1459 1126 1523 luliaui
1148 1461 1284 1541 martyris
1297 1463 1359 1544 (5),
1384 1482 1440 1526 neo
1455 1483 1519 1526 non
1540 1466 1572 1526 in
1591 1487 1621 1528 a·
1679 1488 1681 1527 i

376 1551 472 1610 stinus
491 1547 605 1624 colligit
616 1566 651 1607 eii
664 1545 713 1621 iis,
729 1563 806 1624 quac
826 1545 890 1624 ipse
905 1543 979 1604 scri·
1017 1545 1073 1606 ctis
1091 1563 1117 1606 s.
1151 1544 1240 1606 Blasii
1264 1545 1301 1608 de
1331 1556 1446 1628 septem
1485 1550 1621 1611 mulieri-

375 1635 436 1714 psit
464 1634 495 1692 in
518 1631 641 1708 Dialogo
670 1638 773 1690 contra
806 1627 978 1708 pelagianos
1019 1629 1160 1708 bns(b),
1180 1628 1337 1709 potissime
1358 1650 1428 1694 uero
1448 1632 1487 1694 dc
1511 1651 1540 1696 s.
1570 1635 1623 1695 llii·
1679 1637 1681 1694 l

376 1717 430 1778 lib.
451 1735 473 1792 r,
494 1734 560 1795 cap.
589 1716 619 1791 8,
637 1733 672 1776 ao
691 1720 846 1795 praeterea
864 1711 978 1787 subdit,
1019 1712 1103 1774 sebio
1118 1711 1301 1775 Vercellensi
1314 1715 1489 1792 simulante,
1504 1735 1540 1778 se
1554 1719 1623 1779 uelle

377 1801 580 1880 reliquorum,
601 1798 653 1878 qui
685 1817 703 1858 a
733 1796 769 1858 b.
798 1795 980 1875 Hieronymo
1020 1796 1158 1860 arianum
1178 1797 1255 1873 sieri,
1276 1807 1308 1858 ut
1327 1817 1438 1862 nomen
1457 1818 1485 1861 s.
1512 1801 1623 1881 Dionp-
1679 1825 1681 1864 i

376 1885 590 1965 proteruntur,
607 1890 742 1943 veterum
771 1880 980 1942 auctoritatem
1021 1880 1058 1943 sii
1079 1880 1211 1960 episcopi
1238 1881 1472 1945 mediolanensis
1507 1903 1547 1946 ex
1578 1904 1623 1946 ca·
1680 1911 1681 1946 i

377 1969 457 2029 baud
480 1967 553 2030 tanti
572 1985 638 2028 esse
668 1965 856 2041 taciendam,
873 1972 907 2024 ut
926 1981 982 2024 nos
1023 1965 1121 2041 talogo
1159 1964 1332 2027 arianorum
1363 1977 1564 2048 expungeret.
1598 1971 1625 2029 lt
1680 1995 1681 2031 i

377 2073 395 2114 a
427 2062 530 2113 nostra
563 2050 713 2112 sententia
746 2049 898 2110 abducant
918 2047 980 2126 (ἢ).
1023 2048 1161 2124 Eisone,
1180 2048 1232 2128 qui
1252 2049 1624 2126 exteriussimulatfalsae
1680 2079 1681 2114 i

364 2136 592 2216 chrysostomo
614 2152 685 2196 nero
716 2133 839 2214 opponit
860 2150 886 2193 s.
906 2131 982 2192 Am-
1022 2131 1180 2209 religionis
1196 2133 1322 2208 cultum,
1340 2152 1393 2215 per
1408 2153 1452 2212 se,
1466 2143 1499 2196 et
1513 2154 1552 2198 ex
1567 2155 1625 2218 par·
1678 2163 1681 2200 i

379 2220 540 2297 brosium,
568 2237 594 2281 s.
614 2217 792 2298 Cyprianum
811 2265 819 2291 ,
841 2215 984 2296 quodque
1024 2224 1053 2277 te
1076 2217 1202 2278 colentis
1227 2217 1331 2279 salsam
1357 2218 1538 2296 religionem
1573 2239 1625 2281 non

379 2305 447 2384 plus
464 2311 520 2379 est,
540 2303 639 2383 ipsum
663 2301 832 2381 apostolum
857 2299 983 2360 Paulum
1025 2301 1204 2381 profitetur3
1232 2299 1367 2382 deceptio
1405 2321 1466 2364 non
1501 2304 1627 2366 babetur
1680 2331 1681 2369 i

380 2390 412 2447 in
430 2387 535 2447 eadem
565 2385 604 2448 ad
620 2385 740 2448 Galatas
766 2384 894 2464 epistola
912 2383 985 2443 scri·
1025 2383 1084 2444 nisi
1118 2392 1256 2465 respectu
1283 2404 1401 2462 eornm,
1437 2386 1510 2467 qni,
1537 2389 1570 2448 id
1592 2391 1627 2448 ri·
1680 2417 1681 2452 i

381 2471 524 2531 bentem:
543 2470 626 2544 Quae
649 2477 748 2530 nutem
769 2469 867 2530 scribo
889 2468 983 2542 vobis,
1026 2467 1143 2546 dentes,
1164 2468 1251 2530 aliter
1268 2467 1405 2532 indicant
1424 2470 1531 2550 abeo,
1555 2473 1626 2553 quod
1680 2479 1681 2538 i

381 2572 445 2617 ecce
463 2571 564 2615 toroni
583 2556 659 2630 Deo,
677 2553 747 2631 quio
765 2569 828 2613 iioii
844 2552 984 2613 mentior.
1025 2551 1125 2632 reipsa
1139 2561 1185 2614 est
1200 2561 1229 2614 et
1247 2555 1349 2616 colens
1365 2553 1508 2633 intendit,
1523 2556 1556 2617 in
1571 2575 1624 2637 qno
1680 2583 1681 2621 i

312 2648 318 2656 ’
382 2639 424 2700 Ex
455 2638 566 2718 quibus
596 2636 748 2697 concludit
778 2634 985 2712 Augustinus:
1026 2637 1143 2696 nullum
1165 2645 1210 2697 est
1231 2637 1389 2713 tlagitium.
1410 2639 1501 2715 Ergo.
1680 2693 1681 2705 ,

385 2725 466 2786 Dent
484 2723 602 2783 venium
620 2721 740 2798 quilibet
759 2721 844 2781 otiiid
857 2720 987 2796 opiiioii·
1070 2720 1143 2780 tis.
1158 2717 1248 2801 Resp.
1263 2720 1301 2782 ad
1317 2723 1346 2782 l.
1363 2721 1437 2784 Data
1452 2722 1547 2785 etiam
1560 2724 1629 2786 ieri·

385 2818 441 2879 tes;
459 2823 511 2886 epo
533 2806 631 2886 inopis
648 2806 734 2866 credo
753 2813 835 2866 tuoto
850 2803 989 2882 Apostoto
1028 2811 1088 2864 tate
1102 2821 1297 2884 eorumquae
1312 2805 1527 2868 instinctorum
1544 2809 1628 2886 gestis

270 2893 274 2897 '
384 2893 419 2952 i'n
436 2892 538 2952 suiset
552 2907 610 2969 pro
627 2889 691 2951 suis
714 2889 822 2950 litteris
847 2887 987 2961 iuranti,
1028 2887 1626 2970 leguntur,quaenonparnmnutat,ll.;
1680 2921 1681 2959 i

382 2993 472 3053 prium
491 2975 596 3052 cnipiic
621 2973 788 3035 doctissimo
813 2973 848 3034 de
881 2971 990 3034 otieois
1029 2971 1629 3048 idest‚itanonnullisanctidictisautla·
1680 2983 1681 2990 ’

383 3059 492 3120 litteris
511 3058 679 3136 disputanti
697 3057 757 3135 (3).
1030 3055 1085 3116 ctis
1107 3073 1140 3116 se
1163 3067 1320 3133 gesserunt
1335 3065 1369 3118 nt
1386 3076 1404 3118 a
1421 3057 1526 3120 minus
1539 3060 1628 3122 cautis
1680 3069 1681 3074 ’

426 3143 500 3202 iit.
518 3140 562 3201 Ad
580 3141 610 3200 3.
634 3141 673 3202 D.
705 3139 867 3219 Apostolus
895 3147 988 3202 testa·
1030 3139 1110 3201 baud
1128 3147 1210 3200 recte
1232 3139 1489 3219 intelligerentur,
1515 3144 1566 3219 C.;
1581 3162 1628 3204 ie·

385 3233 447 3299 tur,
460 3222 644 3285 seomnibns
655 3223 757 3283 omnia
768 3223 891 3301 lactum,
908 3241 989 3284 com·
1028 3241 1061 3284 re
1081 3231 1110 3285 et
1125 3221 1204 3285 serio
1219 3223 1325 3286 falsam
1340 3224 1520 3302 religionem
1541 3227 1629 3288 simu·

387 3308 529 3389 passione
564 3305 804 3384 misericordiae,
826 3307 875 3382 C.;
900 3307 990 3388 mise7
1029 3307 1141 3384 larunt,
1161 3309 1200 3371 N.
1217 3308 1305 3368 Aliud
1332 3308 1412 3370 enirn
1439 3318 1486 3372 est
1504 3311 1628 3373 simula-

385 3393 504 3456 ratione
518 3390 668 3467 fallaciae,
688 3399 722 3452 ut
739 3389 874 3470 loquitur
891 3391 990 3469 Augu·
1029 3391 1070 3452 tio
1087 3391 1125 3452 ad
1135 3391 1344 3472 decipiendum
1362 3392 1542 3475 composita,
1557 3413 1629 3475 quae

385 3476 495 3554 stinus,
512 3476 567 3552 N.;
592 3474 727 3556 alioquin
758 3474 870 3536 inferre
898 3474 989 3537 debe·
1029 3494 1183 3555 nunquam
1201 3477 1281 3553 licet,
1309 3475 1392 3538 aliud
1409 3495 1479 3539 vero
1496 3478 1567 3540 talis
1584 3481 1626 3540 lo·

385 3579 488 3622 remus
505 3561 530 3622 si
547 3559 675 3622 nimiunn
688 3555 815 3622 adducta
831 3559 923 3621 verba
935 3577 989 3620 ur·
1030 3559 1142 3640 quendi
1155 3569 1184 3620 et
1202 3559 1308 3637 agendi
1326 3561 1466 3639 solertia,
1490 3581 1571 3642 quae
1585 3582 1630 3623 ie

1030 3644 1150 3704 ritatem
1171 3644 1292 3724 quidem
1321 3644 1492 3722 contineat,
1512 3646 1630 3708 nonita

421 3711 459 3788 (¹).
482 3710 521 3790 ¹.¹⁸
545 3725 567 3762 ⁸·
586 3708 760 3777 Hieronymus
787 3716 988 3759 mentensium
1030 3735 1131 3789 tamen
1151 3727 1266 3790 obviam
1306 3701 1340 3790 iit
1357 3729 1498 3792 omnibus
1522 3739 1553 3792 et
1573 3730 1628 3790 mi·

387 3788 472 3844 aperit
491 3795 517 3828 in
541 3787 677 3830 coinment.
697 3775 729 3828 ed
746 3792 804 3844 cap.
823 3781 850 3839 2,
867 3792 891 3827 v.
916 3781 945 3828 ll
965 3785 991 3828 ot
1276 3775 1284 3806 ’

389 3850 420 3896 l5
434 3848 550 3908 rpiitolue
561 3849 593 3895 ud
604 3844 690 3896 Galat.

423 3914 461 3975 (ἓ)
475 3914 516 3963 Ct.
530 3912 609 3979 Epist.
629 3917 679 3964 t80
696 3909 738 3962 ed.
760 3910 844 3962 Maur.
858 3925 885 3960 n.
904 3913 932 3970 o,
945 3909 990 3960 ubi
1065 3907 1102 3974 (5)
1122 3908 1170 3976 Ep.
1189 3913 1233 3974 82,
1246 3925 1303 3976 cop.
1322 3914 1349 3973 5,
1364 3927 1389 3960 n.
1409 3915 1453 3963 to.

387 3981 492 4028 scribit:
515 3979 591 4028 ·s0d
608 3978 672 4045 qnid
686 3979 727 4029 bio
743 3976 858 4028 diutius?
876 3977 941 4028 Cum
959 3978 991 4028 de
1065 3977 1103 4044 (ti)
1123 3979 1157 4028 lta
1187 3995 1207 4029 s.
1233 3979 1396 4044 Augustinus
1414 3979 1458 4029 tib.
1484 3980 1529 4032 cit.
1548 3983 1630 4032 contio

389 4045 436 4096 bac
454 4048 605 4113 quaestione
629 4048 695 4096 inter
713 4062 769 4104 nos,
787 4061 834 4110 ego
852 4052 877 4094 et
889 4043 991 4110 praedi·
1032 4049 1192 4106 iiieiidoci‘om,
1210 4062 1268 4113 cap.
1284 4051 1325 4108 lt,
1346 4045 1474 4097 scribens:
1497 4048 1629 4112 «Compa-

389 4122 446 4162 ctiis
463 4113 618 4164 venerabilis
644 4113 724 4163 irater
742 4111 915 4178 Hieronymus
932 4113 992 4163 satis
1033 4111 1118 4162 tioiido
1136 4112 1161 4162 id
1177 4113 1246 4174 lecit,
1267 4129 1316 4163 uon
1337 4111 1494 4164 mentiendo.
1509 4113 1550 4165 Fit
1562 4116 1627 4164 enim

391 4181 483 4230 litteris
501 4181 645 4247 egerimus,
663 4189 688 4230 et
701 4183 727 4229 in
745 4179 794 4230 boc
806 4194 883 4245 opere
899 4195 991 4229 recen·
1032 4181 1141 4246 quisquo
1158 4189 1278 4247 tonqiiem
1297 4181 1355 4240 ille,
1375 4181 1416 4230 cui
1435 4181 1492 4232 vult
1508 4183 1627 4234 subveni-

390 4250 497 4308 tissimo‚
521 4246 590 4316 quod
608 4247 657 4298 sub
675 4246 778 4298 nomine
799 4246 925 4297 Critobuli
943 4245 991 4296 ad·
1034 4263 1071 4306 ro,
1092 4247 1195 4312 quondo
1214 4257 1283 4298 tenta
1303 4247 1477 4299 misericordia
1494 4249 1628 4308 subvenit,

391 4333 479 4366 vorsus
501 4315 651 4383 Pelagianos
672 4315 747 4365 modo
775 4312 866 4376 edidit,
885 4313 992 4366 eundem
1033 4327 1128 4381 quanto
1146 4316 1194 4366 sibi
1207 4315 1338 4366 subveniri
1356 4316 1443 4378 uellet,
1462 4317 1484 4367 si
1501 4327 1567 4368 esset
1577 4316 1631 4383 ipsc·

389 4383 421 4433 dc
441 4386 486 4434 isia
507 4401 533 4434 re
547 4393 616 4451 gesta
634 4382 761 4448 dictisque
773 4382 926 4448 Apostolicis
937 4399 994 4432 sen·
1033 4383 1058 4432 in
1073 4384 1159 4434 cadom
1180 4384 1279 4434 iniseriii
1297 4385 1460 4434 constitutus.

389 4456 494 4502 tentiam
510 4453 604 4512 tenuit,
627 4467 703 4518 quani
730 4449 868 4500 beatissimi
886 4451 994 4516 bypria·
1067 4453 1104 4516 (b)
1122 4450 1195 4514 Apud
1209 4453 1314 4502 Surium
1333 4455 1348 4502 s
1367 4449 1487 4502 ianuarii.

389 4523 416 4570 ni
430 4523 506 4570 eliani
520 4537 566 4571 iios
585 4520 666 4571 secuti
685 4517 941 4582 sunius.»1lpist.ll
963 4523 994 4568 ait
1067 4519 1104 4585 (6)
1124 4517 1170 4568 Dic
1190 4517 1331 4570 blobruar.
1351 4517 1419 4588 apiid
1434 4515 1551 4572 Bolland.
1570 4524 1630 4568 totu.

390 4589 517 4654 (intritum.
823 4633 828 4638 .
1036 4590 1059 4644 l,
1074 4603 1152 4638 inens.
1166 4585 1233 4639 febr.
