3700 5659
370 443 433 506 eoo
851 457 890 502 ou
907 457 1051 503 cumeurn

328 559 405 622 mini
422 557 489 618 lesu
513 549 637 626 curisti,
669 548 785 630 proiice
808 557 927 628 opentes
967 548 1040 611 llam
1059 550 1162 613 omnio
1179 558 1247 615 octo
1274 553 1309 616 in
1331 553 1428 616 Deam
1459 553 1579 633 referre

332 645 389 706 lieo
407 648 434 702 et
450 637 536 700 Potri
546 635 718 715 peripsum.
732 632 848 705 Quibus
862 651 928 694 uer·
968 643 1085 696 nonest
1101 636 1236 714 possibile
1254 636 1289 698 in
1306 639 1361 700 boc
1379 638 1454 713 nito,
1472 637 1573 718 inquit

329 726 376 787 bis
392 742 450 784 non
468 737 582 782 merum
598 717 758 779 consilium
774 717 826 779 sed
839 735 927 798 prae·
968 736 994 778 s.
1018 717 1160 796 Thomas,
1175 720 1259 787 aiom
1271 739 1336 783 non
1353 729 1397 782 est
1419 722 1573 800 possibile,

329 819 447 890 ceptum
477 801 624 865 contineri
653 801 797 864 ecclesiae
829 810 928 882 patres
968 803 1045 880 qnod
1068 821 1182 882 seraper
1203 805 1237 866 de
1255 805 1504 884 Deowpitetor:
1523 807 1577 868 leon

329 885 741 960 cornrnuniterdocent3binc
757 884 928 948 alburnos
967 888 1048 948 enim
1070 888 1199 965 pertinet
1223 889 1263 950 od
1282 889 1495 966 perlectionem
1516 907 1574 967 pn-

329 977 361 1036 in
376 977 450 1036 baec
464 971 633 1033 verbalect.
655 970 692 1047 3,
706 969 821 1031 scribit:
851 969 927 1043 Oni—
968 971 1045 1032 trine
1057 970 1117 1050 (Ξ).
1145 970 1261 1032 Pariter
1278 971 1357 1033 inter
1374 989 1485 1032 omnes
1503 990 1575 1033 cou-

329 1062 398 1137 dom
410 1059 527 1131 dicunt,
538 1055 614 1134 qnod
630 1053 683 1114 tue
700 1062 743 1116 est
757 1053 925 1128 consilinm,
967 1054 1058 1130 venit,
1071 1053 1255 1116 habitualem
1266 1074 1326 1116 uon
1340 1056 1493 1132 sufficere,
1504 1073 1573 1117 cum

328 1137 826 1214 sedbocnonesttrerrrm,·etalibi,
841 1156 928 1198 nem·
968 1137 1117 1200 eiusmodi
1136 1138 1261 1200 intentio
1286 1138 1407 1220 proprie
1438 1157 1503 1199 uon
1536 1139 1575 1200 sit

330 1247 366 1308 pe
382 1226 407 1303 l,
427 1225 458 1299 2,
476 1243 506 1304 q.
525 1239 553 1299 o,
578 1229 635 1282 art.
659 1221 746 1282 idad
760 1221 792 1292 2,
810 1220 927 1282 scribit:
970 1220 1027 1282 nisi
1046 1222 1139 1284 animi
1153 1221 1322 1303 dispositio,
1344 1240 1400 1284 nec
1429 1222 1507 1283 satis
1525 1222 1575 1282 in·

330 1313 393 1374 Sub
409 1315 560 1388 proecepto
574 1304 710 1368 caritatis
739 1305 928 1378 continetur,
970 1305 1092 1366 duatad
1108 1306 1257 1368 actionem
1275 1304 1478 1382 dirigendam.
1499 1304 1575 1367 ilinc

329 1404 362 1456 ot
383 1394 531 1472 diitpntur
546 1391 624 1451 Dens
642 1405 680 1449 en
698 1395 755 1448 toto
777 1389 878 1460 corde;
892 1388 931 1449 od
970 1397 1118 1469 superest,
1142 1389 1180 1450 ad
1198 1390 1256 1451 boc
1275 1389 1463 1470 implendum
1484 1407 1575 1469 prae-

332 1479 409 1557 qund
424 1475 564 1555 pertinet,
584 1480 617 1534 nt
635 1472 738 1546 omnio
756 1472 932 1551 reseruntur
971 1482 1090 1552 ceptum
1118 1472 1274 1535 virtualem
1303 1473 1400 1534 solam
1424 1473 1574 1534 intentio-

331 1564 362 1622 in
383 1562 487 1632 llenm,
507 1565 535 1617 et
555 1556 618 1616 ideo
634 1564 821 1634 praeceptum
848 1556 931 1618 enri—
972 1575 1039 1617 uem
1058 1557 1173 1638 requiri
1191 1566 1222 1618 et
1243 1557 1392 1633 sufficere,
1409 1564 1504 1636 prout
1520 1557 1575 1618 do-

331 1645 400 1706 totie
418 1641 540 1720 implere
555 1641 639 1702 bomo
657 1656 718 1700 non
742 1645 848 1718 potest,
871 1639 934 1700 nisi
972 1641 1198 1719 cetnngeticus,
1221 1640 1274 1721 qui
1293 1648 1360 1720 post
1374 1640 1468 1701 citata
1486 1640 1576 1701 verba

331 1729 421 1789 etium
436 1724 538 1786 omnio
551 1724 661 1803 reserat
675 1724 709 1784 in
722 1723 828 1784 Derim.
846 1720 932 1793 Quod
972 1723 1014 1785 ita
1025 1724 1228 1805 prosequitur:
1243 1725 1300 1788 Sed
1310 1726 1388 1802 qood
1399 1725 1508 1786 omnio
1517 1725 1577 1785 oir-

296 1813 302 1826 '
333 1829 423 1891 saepe
442 1809 516 1868 alias
535 1807 642 1888 repetit
658 1815 688 1867 et
704 1806 833 1867 inculcat
844 1824 934 1884 ange·
973 1817 1034 1869 trote
1055 1810 1231 1889 reseruntur
1248 1809 1411 1884 inllenm,
1432 1809 1489 1870 boc
1504 1824 1577 1887 per·-

333 1895 409 1954 licus
428 1892 542 1966 doctor,
559 1890 633 1952 adeo
646 1898 678 1950 ut
698 1889 734 1951 de
750 1890 816 1951 eius
834 1899 934 1952 mente
973 1893 1047 1953 tinet
1066 1894 1106 1954 od
1130 1892 1341 1972 perfectionem
1365 1891 1522 1965 comtotis,
1537 1892 1576 1952 ud

332 1978 469 2038 dubitare
488 1975 659 2035 nullatenus
675 1974 825 2056 possimus
838 1974 899 2054 (l).
972 1992 1061 2054 prtum
1078 1993 1178 2037 omnes
1208 1984 1362 2038 tenentur:
1380 1982 1408 2036 et
1441 1976 1521 2037 nient
1541 1976 1574 2035 in

375 2061 448 2122 tbi.
472 2059 507 2120 Et
526 2059 600 2118 baec
619 2058 760 2138 quidem,
780 2066 813 2118 ut
831 2057 933 2118 innui·
973 2060 1071 2120 euasit
1083 2058 1577 2139 efficientibtnoirtusprimoecon-

333 2164 411 2220 mus,
436 2143 587 2223 explorata
605 2150 685 2202 sunt.
712 2141 766 2202 Ast
788 2141 837 2202 bic
872 2142 933 2203 iam
973 2160 1022 2204 soe
1036 2151 1134 2205 monet
1148 2142 1575 2220 inomniboseonsiseeqnen·

334 2229 509 2309 quaeritur,
530 2225 699 2286 cuiusmodi
726 2243 791 2286 esse
827 2225 936 2287 debeat
975 2227 1063 2302 tibus,
1083 2228 1128 2288 ito
1144 2228 1234 2289 etiom
1255 2227 1385 2288 intentio
1394 2226 1577 2305 prinoipoiis

337 2313 411 2373 baec
435 2309 572 2386 intentio,
590 2329 648 2389 qua
668 2327 772 2369 ornnes
801 2309 935 2371 actiones
974 2311 1173 2390 fineisoirtute
1189 2310 1338 2372 mortetin
1362 2311 1504 2372 omnibus
1531 2327 1575 2370 se·

335 2395 516 2455 deliberatus
538 2393 569 2454 iu
602 2393 693 2452 Deum
713 2392 826 2453 referre
848 2401 935 2454 tene·
975 2395 1145 2468 corruerim
1159 2396 1238 2456 unm
1252 2395 1427 2473 quicumque
1440 2401 1512 2456 octo
1526 2393 1576 2453 in-

335 2477 427 2538 mur‘l
448 2477 489 2537 Ea
505 2476 585 2536 enirn
604 2476 708 2555 triplex
733 2492 801 2536 esse
824 2483 934 2556 potest;
976 2479 1070 2540 tendit
1084 2479 1211 2556 aliquem
1229 2479 1319 2557 finem
1344 2476 1574 2552 emendacione,

320 2563 380 2622 'vei
393 2560 529 2632 oderatis,
547 2577 624 2640 quae
642 2557 679 2619 ad
697 2558 829 2634 singulas
847 2559 937 2620 actio·
975 2562 1090 2623 uirtute
1107 2561 1235 2624 intendit
1261 2561 1352 2641 linem
1365 2560 1574 2640 principalem.

336 2664 390 2706 nes
416 2644 553 2704 eliciatur
575 2660 628 2722 per
655 2650 753 2703 actum
790 2641 937 2705 delibera·
1019 2645 1093 2705 lbi.
1112 2643 1224 2706 Verum
1254 2644 1304 2705 bic
1337 2643 1398 2705 alia
1430 2643 1578 2704 excitatur

338 2737 398 2789 tum
417 2738 446 2788 et
464 2727 606 2787 retlexum
629 2725 733 2806 (quam
753 2726 804 2786 alii
825 2728 937 2807 formo·
977 2727 1113 2808 quaestio
1128 2729 1199 2790 olim
1213 2745 1320 2803 magno
1335 2727 1508 2788 animorum
1526 2745 1575 2788 ae-

338 2814 393 2875 lem
409 2811 538 2890 dicunt)':
553 2819 605 2871 aut
623 2810 795 2884 bobituolis,
812 2811 936 2889 quaein
976 2823 1023 2872 stu
1043 2812 1153 2888 agitata
1171 2812 1250 2873 inter
1265 2810 1429 2872 catbolicas
1443 2811 1575 2883 scholas,

339 2915 421 2957 rnera
440 2894 531 2956 animi
547 2893 744 2973 dispositione
759 2903 788 2954 et
800 2894 936 2955 allectio-
976 2913 1057 2957 nunc
1075 2914 1145 2958 nero
1163 2903 1215 2957 ant
1243 2894 1404 2956 obliterata
1427 2902 1480 2955 aut
1504 2912 1577 2974 pene

337 2999 374 3040 ne
394 2978 541 3053 consistit;
561 2979 607 3038 vel
626 2976 755 3058 denique
775 2978 934 3056 virtualis,
977 2979 1075 3058 sopita
1091 2979 1180 3056 iacet3
1200 2997 1256 3040 uec
1273 2986 1357 3040 vacat
1374 2995 1441 3040 eam
1461 2996 1497 3039 ea
1517 2977 1578 3038 suis

337 3063 456 3142 quaeri
478 3061 605 3122 alicuius
628 3068 712 3121 actus
731 3061 936 3140 praecedentis
977 3061 1130 3124 cineribus
1147 3076 1267 3124 rursum
1295 3061 1493 3122 exsuscitare.
1527 3061 1577 3122 llst

338 3148 447 3206 virtute
468 3152 622 3224 permanet
640 3143 670 3202 in
686 3144 854 3205 actionibus
866 3145 938 3206 sub·
978 3158 1097 3220 autem,
1116 3154 1215 3206 utrum
1244 3154 1362 3226 praeter
1379 3145 1575 3205 intentionem

338 3230 545 3307 sequentibus,
567 3226 702 3306 quamvis
714 3227 750 3287 de
762 3246 798 3288 ea
809 3229 937 3308 amplius
977 3230 1157 3305 virtualem,
1178 3248 1256 3310 quae
1287 3229 1438 3309 implicite,
1468 3246 1525 3290 seu
1548 3236 1577 3288 ut

338 3331 397 3372 non
413 3310 569 3388 cogitetur.
594 3309 732 3370 Nonnulli
751 3320 870 3390 praeter
888 3311 937 3372 iu·
978 3313 1029 3376 alii
1049 3314 1225 3394 loquuntur,
1244 3312 1471 3391 interpretation
1504 3330 1575 3374 con·

338 3395 500 3456 tentionem
518 3413 552 3454 eu
572 3402 654 3474 parte
676 3395 825 3472 operantis
843 3411 938 3470 agno·
979 3395 1093 3458 tinetur
1110 3396 1195 3458 iniis
1213 3395 1342 3472 actibus,
1362 3395 1479 3475 quibus
1498 3394 1578 3458 debi-

338 3488 424 3540 scunt
446 3478 536 3539 etiam
555 3478 643 3538 aliam
671 3477 847 3539 relationem
880 3479 938 3539 vir·
979 3479 1017 3540 tis
1035 3479 1221 3559 temporibus
1230 3488 1261 3540 et
1273 3478 1422 3540 adiunctis
1439 3479 1577 3540 dilectio·

339 3565 447 3624 tualem
464 3579 502 3624 ee
517 3571 604 3641 porte
623 3562 729 3640 operis,
750 3580 828 3642 quae
846 3561 876 3622 in
894 3561 940 3622 in·
979 3564 1026 3624 nis
1044 3572 1202 3644 praecepto
1218 3563 1286 3643 quis
1301 3562 1459 3638 satisfacit,
1475 3561 1578 3642 requi·

338 3646 468 3730 trinseco
489 3645 696 3706 ordine'actus
710 3645 828 3706 bonesti
841 3653 870 3706 et
881 3641 939 3706 vir·
979 3656 1064 3708 ratur
1078 3646 1204 3708 intentio
1220 3647 1361 3724 explicito
1387 3655 1415 3707 et
1432 3646 1578 3724 strperod·

339 3729 411 3789 tutis
430 3729 467 3788 ad
487 3728 581 3788 [lenm
611 3728 764 3788 consistit:
789 3737 939 3808 quatenus
979 3732 1054 3807 dito,
1074 3749 1135 3810 qua
1149 3731 1239 3792 bomo
1257 3729 1440 3790 christianus
1458 3728 1579 3808 apudse

339 3813 454 3873 scilicet
472 3812 570 3872 omnis
585 3820 681 3888 actus,
704 3811 761 3872 boo
775 3811 840 3892 ipso
860 3813 940 3892 qnod
980 3815 1152 3891 constituat,
1172 3814 1249 3874 velle
1270 3832 1314 3888 se,
1333 3831 1409 3892 quae
1423 3811 1492 3888 agit
1509 3830 1579 3891 pro·

339 3895 377 3955 sit
387 3897 584 3972 honestus,ex
593 3896 940 3958 naturasoanonminus
981 3908 1048 3978 pter
1064 3897 1158 3958 Deum
1177 3895 1324 3977 operari?
1344 3894 1453 3956 Schola
1466 3895 1579 3956 tbomi-

340 3978 494 4039 ordinator
513 3979 550 4039 ad
568 3979 679 4054 Deum,
701 3998 737 4040 eo
759 3979 840 4060 quod
862 3980 941 4042 Deus
981 3982 1055 4042 stica
1068 3980 1231 4056 contendit,
1240 3978 1578 4040 sufficereintentionem

339 4061 378 4122 sit
401 4061 499 4122 omnis
519 4062 683 4123 honestatis
704 4063 771 4124 lons
795 4070 825 4124 et
843 4063 938 4142 origo.
981 4064 1175 4146 implicitam,
1195 4071 1226 4125 et
1255 4062 1525 4142 interpretativam,
1551 4069 1580 4120 ut

382 4144 455 4206 263.
481 4143 572 4204 Porro
596 4154 709 4206 certum
733 4155 779 4207 est
808 4147 886 4228 apud
904 4167 940 4208 o·
971 4149 1050 4228 quis
1069 4155 1227 4228 praecepto
1250 4147 1395 4208 hacteuus
1430 4144 1578 4206 vindicato

340 4247 447 4306 mnes,
472 4227 666 4288 intentionem
705 4229 851 4290 actualem
881 4248 941 4292 non
982 4231 1162 4307 satisfaciam
1178 4231 1282 4291 schola
1298 4247 1368 4290 nero
1392 4228 1579 4306 augustinia-

340 4311 473 4393 requiri‚
495 4319 597 4392 utpote
616 4311 765 4391 praesenti
786 4312 941 4374 bominum
982 4315 1084 4376 nensis
1093 4312 1288 4394 propugnavit
1309 4313 1518 4374 necessitatem
1534 4312 1579 4371 iu-

340 4397 505 4458 cunditioni
524 4393 649 4456 minime
671 4394 940 4458 accommodatam.
982 4396 1125 4460 tentionis
1143 4396 1270 4460 actualis
1288 4415 1323 4458 ae
1339 4396 1477 4457 virtualis
1492 4394 1580 4475 expli·

374 4513 412 4578 (l)
425 4513 465 4562 Ci.
480 4513 516 4562 tu
530 4511 636 4572 liubois,
650 4513 686 4563 De
702 4513 786 4571 corii,
801 4527 825 4562 e.
840 4516 882 4573 bl,
898 4511 943 4561 ubi
983 4482 1070 4544 eila&

341 4577 415 4646 plura
426 4579 540 4630 ciusdem
550 4581 693 4630 testimonia
704 4579 810 4630 cottucu
820 4579 942 4646 rapterius.
1017 4582 1057 4648 (2)
1068 4577 1173 4645 Quaeri.
1186 4581 1203 4629 2
1220 4577 1257 4630 De
1275 4579 1350 4627 norit.
1368 4582 1417 4625 art.
1434 4579 1462 4624 tt
1479 4572 1512 4625 ad
1525 4577 1549 4625 2.
