3700 5659
788 527 882 573 cnrur
897 529 940 572 ιιι.
1409 516 1449 576 35

225 623 363 689 minime
396 630 496 686 autem
516 621 636 704 proprie
667 620 736 684 ndei
755 620 842 684 obie·
883 622 941 684 boc
958 621 1036 704 ipso,
1053 624 1134 706 quod
1152 626 1259 690 salutis
1280 625 1360 690 viam
1385 628 1488 690 omui-

224 720 332 785 ctum;
350 707 402 790 qui
418 717 575 790 propterea
589 705 753 767 doctrinam
770 705 843 767 itae
883 705 940 768 lius
955 717 1055 786 patere
1074 709 1223 771 affirment
1239 710 1300 790 (3).

224 792 421 855 revelatione
440 790 577 853 eductam
610 797 765 870 respueret
791 797 843 852 ant
926 789 998 852 ill.
1016 790 1057 852 Ne
1076 791 1115 854 sit
1130 793 1428 874 aequivocationibus
1448 795 1491 856 lo·

224 877 440 958 impugnaret,
459 872 636 936 temeritatis
651 873 771 954 quidem
790 891 843 934 no·
882 891 964 948 cus,
998 874 1264 940 animadvertimus
1298 880 1328 939 l⁰
1356 878 1488 960 quodam

225 961 288 1022 tari
311 969 416 1040 posset
427 967 480 1022 aut
491 954 558 1020 aliis
569 956 716 1034 censuris,
731 955 842 1038 quibus
882 976 973 1020 sensu
988 978 1006 1020 a
1023 960 1179 1022 catholicis
1191 961 1265 1042 ipsis
1281 961 1491 1024 fundamenta-

224 1043 460 1124 propositiones
478 1043 545 1124 plus
574 1041 710 1103 minusve
729 1039 842 1102 averi—
883 1041 946 1117 les,
977 1061 1030 1104 seu
1052 1044 1151 1124 potius
1168 1045 1349 1128 principales
1368 1046 1487 1108 admitti

225 1137 293 1190 tate
314 1127 494 1190 aberrantes
508 1124 615 1202 configi
641 1123 762 1200 solent,
782 1143 843 1186 non
882 1126 1043 1204 veritates,
1065 1146 1141 1208 quae
1169 1129 1246 1191 scitu
1269 1129 1410 1191 omnibus
1429 1150 1486 1192 ne-

225 1220 338 1273 autem
356 1209 490 1274 haeresis
507 1209 591 1289 argui
611 1209 624 1289 (
646 1209 671 1289 ).
884 1210 1033 1272 cessariae
1048 1221 1118 1273 sunt
1132 1211 1169 1273 ad
1181 1213 1320 1292 salutem,
1335 1221 1439 1295 utpote
1450 1214 1489 1276 ab

271 1295 319 1356 De
343 1295 390 1356 lris
406 1295 564 1372 hactenus;
581 1292 681 1376 sitque
699 1291 841 1356 adversus
885 1293 1025 1356 omnibus
1045 1294 1157 1358 adultis
1185 1297 1324 1360 fidelibus
1349 1297 1489 1378 explicite

225 1379 302 1441 frdei
326 1379 553 1462 impugnatores
825 1404 832 1416 ¹
884 1376 1068 1453 credendae,
1088 1399 1123 1442 ex
1141 1381 1295 1443 communi
1317 1382 1487 1458 sententia,

884 1462 1063 1524 necessitate
1092 1463 1195 1526 medii.
1230 1464 1388 1528 Eiusmodi
1418 1476 1489 1527 sunt

454 1543 632 1592 PR⁰P⁰S¹T1⁰
885 1546 1025 1625 mysteria
1051 1546 1193 1610 trinitatis
1209 1558 1239 1610 et
1252 1549 1487 1627 incarnationis,

230 1645 366 1698 Obiectnm
385 1651 442 1709 fidei
462 1651 611 1698 neceaaoriae
628 1649 660 1696 od
676 1650 779 1698 :alutem
796 1663 845 1698 noo
885 1648 940 1690 nec
959 1649 1019 1691 110ss
1035 1631 1107 1692 fides
1123 1631 1154 1693 in
1169 1632 1263 1694 Deum
1283 1642 1491 1696 remuneram-

263 1721 328 1765 aunt
347 1718 395 1766 :oli
418 1718 519 1764 articuli
542 1717 735 1774 {rindomeutalca
751 1731 845 1764 nnucu·
884 1732 961 1776 rem,

261 1787 604 1847 puti,aedomrreapi·oreuo
629 1783 845 1833 oeritotmol'leo
928 1798 1000 1859 425·
1022 1798 1294 1863 Animadvertimus
1316 1801 1348 1862 q,
1388 1802 1469 1883 quod

262 1853 395 1900 revelatae
407 1855 430 1900 et
440 1852 470 1900 ub
483 1853 584 1900 ecclesio
593 1852 772 1900 ndoredcndvm
783 1865 844 1912 pro·
885 1881 942 1944 etsi
962 1902 1021 1944 non
1037 1902 1142 1946 omnes
1160 1893 1189 1946 et
1208 1885 1343 1963 Singulae
1358 1850 1430 1948 ’fidei
1442 1852 1490 1948 νθῖ

262 1923 379 1980 '’m‘’
885 1965 990 2040 ritates
1024 1976 1095 2029 sunt
1127 1967 1165 2029 ab
1186 1969 1325 2030 omuibus
1352 1969 1490 2050 explicite

275 2053 355 2116 l23.
368 2051 512 2114 Adoritur
529 2051 603 2114 haec
620 2050 785 2133 propositio
798 2049 846 2114 lu·
885 2050 947 2112 sive
966 2051 1143 2113 necessitate
1159 2052 1262 2130 medii,
1279 2053 1341 2116 sive
1359 2055 1491 2116 necessi-

231 2137 351 2214 meum,
365 2137 430 2217 qui,
447 2155 514 2197 cum
529 2145 675 2213 cerneret,
685 2136 846 2217 pseudore·
887 2141 946 2196 tate
964 2135 1115 2216 praecepti
1137 2135 1324 2216 credendae,
1357 2145 1488 2200 attamen

234 2221 453 2283 formationem
473 2219 614 2295 dissolvi,
641 2239 677 2282 ac
699 2220 730 2282 in
747 2220 845 2283 varias
886 2236 991 2280 omnes
1019 2218 1164 2300 implicite
1194 2221 1299 2282 saltem
1323 2220 1491 2284 credendae

233 2314 337 2368 sectas
368 2324 423 2366 seu
448 2305 544 2366 frusta
579 2303 696 2382 dilabi,
735 2324 845 2368 novum
885 2311 966 2364 sunt.
986 2301 1097 2384 Nempe
1116 2304 1218 2366 fideles
1233 2323 1338 2367 omnes
1369 2305 1412 2368 ita
1435 2305 1490 2368 de·

236 2389 274 2450 ad
299 2409 370 2452 eam
395 2388 575 2452 fulciendam
605 2396 733 2469 systema
755 2407 845 2452 erico·
887 2385 1040 2449 bentesse
1059 2387 1159 2450 animo
1179 2390 1362 2470 comparati,
1388 2399 1421 2451 ut
1439 2410 1491 2453 eas

236 2473 343 2548 gitavit
360 2473 398 2535 de
417 2473 607 2534 distinctione
631 2473 709 2534 inter
732 2473 845 2535 articu—
887 2471 976 2533 etiam
997 2472 1134 2551 explicite
1152 2473 1286 2552 credant,
1302 2492 1369 2536 cum
1390 2473 1427 2535 ab
1444 2493 1492 2536 ec-

239 2557 285 2619 los
328 2557 400 2620 fidei
444 2556 682 2619 fundamentales
720 2565 750 2618 et
786 2576 847 2620 non
887 2554 979 2618 clesia
1007 2555 1173 2618 credendae
1196 2557 1227 2618 in
1257 2557 1356 2638 specie
1379 2577 1490 2638 propo·

241 2641 483 2704 fundamentales
503 2641 563 2722 (2).
583 2638 648 2711 Qua
676 2640 846 2704 distinctio·
887 2647 1011 2717 nuutur,
1028 2640 1202 2722 nullamque
1220 2641 1341 2702 omnino
1361 2642 1426 2702 sine
1438 2661 1491 2704 ae·

243 2744 279 2787 ne
309 2726 499 2804 constituta,
527 2724 708 2804 affirmavit,
734 2725 770 2788 ad
794 2744 846 2790 cc·
888 2733 990 2786 ternae
1020 2724 1126 2786 salutis
1150 2725 1328 2787 detrimento
1348 2744 1491 2808 respuere

245 2809 366 2874 clesiam
406 2829 506 2872 veram
544 2808 718 2891 pertinere,
756 2819 846 2890 quot·
887 2805 1014 2890 possint.

249 2902 318 2972 quot
334 2893 479 2958 articulos
497 2893 735 2955 fundamentales
754 2895 847 2974 profr-
929 2891 1000 2952 leo.
1031 2890 1164 2954 lamvero
1183 2891 1324 2955 veritates
1344 2912 1448 2956 omnes
1474 2914 1492 2956 a

254 2984 398 3058 tenentur,
434 2977 504 3040 licet
531 2997 590 3038 non
609 2976 847 3040 fundamentales
886 2969 947 3035 Deo
961 2976 1106 3037 revelatas
1122 2986 1151 3038 et
1169 2976 1207 3038 ab
1222 2977 1350 3040 ecclesia
1362 2978 1491 3039 creden-

253 3059 415 3124 reiicerent.
431 3061 632 3143 Arripucrunt
655 3062 845 3124 commodum
887 3055 940 3120 das
958 3059 1137 3142 propositas,
1155 3062 1238 3124 nullo
1254 3060 1431 3143 interposito
1447 3061 1492 3122 di-

247 3143 391 3208 eiusmodi
405 3146 558 3207 inventum
572 3145 716 3208 haeretici
729 3164 844 3225 omnes,
887 3142 1029 3204 scrimine
1046 3143 1125 3206 intcr
1138 3145 1377 3208 fundamentales
1389 3154 1418 3208 et
1431 3166 1492 3207 non

244 3229 731 3307 quiindifferentistaeaudiunt,
760 3229 846 3293 adia·
887 3225 1151 3307 fundamentales,
1185 3229 1369 3292 constituere
1403 3230 1491 3292 obie-

246 3311 411 3392 pboristae,
428 3313 633 3394 syncretistae,
651 3313 783 3394 eoquod
800 3332 848 3376 ar·
887 3319 968 3374 ctum
987 3311 1056 3373 frdei
1075 3314 1262 3376 necessariae
1282 3313 1320 3376 ad
1344 3314 1489 3394 salutem,

242 3396 351 3460 ticulos
366 3417 427 3460 non
442 3397 681 3460 fundamentales
700 3398 788 3478 plane
810 3398 847 3459 ad
886 3394 930 3456 ita
948 3395 1135 3458 conficimus:

240 3481 371 3544 salutem
402 3481 605 3544 indifferentes
635 3481 776 3560 babeant,
798 3490 846 3544 at·
931 3479 1004 3541 lbi.
1022 3477 1047 3541 1.
1068 3479 1131 3542 Hoc
1142 3479 1208 3562 ipso
1223 3481 1349 3543 firmiter
1363 3481 1492 3564 quisque

240 3584 300 3644 que
316 3585 352 3628 ex
370 3565 618 3628 dissentientibus
635 3564 779 3627 circabos
795 3585 846 3628 ar·
887 3563 1009 3625 credere
1028 3582 1251 3644 quamcumque
1268 3566 1423 3627 veritatem
1441 3566 1493 3627 ad·

240 3651 350 3712 ticulos
369 3669 460 3712 unam
495 3648 618 3712 conflari
641 3647 843 3728 religionem,
887 3646 1068 3724 stringitur,
1089 3647 1169 3727 quod
1187 3655 1268 3708 certo
1300 3648 1328 3709 ei
1348 3659 1489 3727 constet,

238 3743 290 3796 aut
304 3733 480 3812 ecclesiam,
498 3731 741 3795 autument-Alio
755 3733 844 3796 eliam
887 3749 954 3792 eam
972 3729 1094 3792 fuissea
1109 3730 1170 3792 [leo
1185 3731 1357 3794 revelatam.
1378 3731 1491 3814 Ecquis

238 3816 589 3892 nominelatitudinarii
610 3825 843 3898 nuncupantur,
888 3815 969 3876 enim
1003 3811 1118 3896 absque
1148 3814 1278 3877 maxima
1314 3815 1426 3878 iniuria
1457 3837 1492 3879 ac

271 4001 311 4070 (l)
329 4001 409 4055 Exeat
429 4001 453 4052 lo
469 3999 504 4053 ait
521 3998 584 4052 ordo
608 3997 778 4062 diaconatus,
803 4001 845 4052 cui
886 3997 1123 4060 aldmedel'fiqliac,
1144 4002 1230 4060 rece,
1257 3999 1396 4063 i118⁰,ot
1423 3997 1493 4050 b'nitc

237 4079 389 4138 competere
405 4017 556 4132 dignitatem
579 4069 743 4130 sacramenti,
758 4076 847 4120 oslen-
887 4070 914 4116 dc
933 4063 1043 4131 l'quiee,
1059 4069 1136 4128 t688,
1151 4067 1176 4117 in
1190 4065 1231 4117 8⁰.

238 4137 311 4188 ditur
322 4137 531 4199 ratiocinatione,
542 4151 585 4186 seu
599 4135 764 4187 conclusione
775 4135 847 4188 tlroo·
920 4135 959 4201 (5)
978 4137 1119 4201 Aggressns
1136 4143 1173 4184 est
1190 4133 1270 4201 Bnylc
1288 4133 1337 4186 boo
1349 4133 1433 4186 dorici
1445 4150 1491 4199 sy·

239 4204 324 4272 logica
344 4204 500 4270 deducitur3
521 4219 573 4271 quo
590 4202 634 4265 fit,
652 4211 681 4253 nt
703 4219 754 4254 nou
771 4201 845 4254 dicu·
886 4208 966 4252 stema
986 4202 1011 4252 in
1031 4210 1159 4264 tractatu,
1179 4218 1256 4267 qrrem
1274 4201 1420 4268 inscripsit:
1446 4201 1492 4252 lu-

240 4280 284 4321 tur
302 4270 336 4322 de
361 4270 423 4334 frde,
441 4287 495 4322 esso
513 4279 710 4331 sacramentum,
728 4267 772 4320 aed
792 4279 847 4323 mn-
886 4284 936 4319 nun
954 4272 1074 4320 coelorum
1093 4273 1200 4318 reserato
1223 4273 1315 4319 cunctis
1332 4270 1492 4333 reliqiouibua

238 4346 295 4388 tum
313 4335 378 4390 fidoi
397 4339 551 4406 proximum.
571 4336 638 4390 ilinc
662 4339 708 4406 qui
725 4354 780 4389 cam
798 4355 846 4389 ve·
885 4352 900 4384 u
919 4339 1006 4388 celebri
1028 4339 1157 4387 admodum
1177 4341 1231 4386 otro
1248 4340 1336 4385 domno
1357 4338 1432 4387 Petro
1450 4335 1492 4386 lu-

236 4405 856 4468 ritatemiufreiaretur,temeritatis,nonautom‘
885 4408 961 4466 rien,
991 4404 1033 4457 eui
1061 4403 1179 4470 apposuit
1207 4403 1382 4469 epigraphen:
1414 4402 1493 4452 Porto

236 4471 373 4525 lracrcaeos
385 4481 518 4525 notaretur
531 4489 655 4524 censura:
674 4469 705 4523 ad
716 4489 845 4526 summum
883 4476 970 4534 potem
982 4476 1041 4532 ecto,
1054 4474 1120 4522 nulli
1130 4473 1261 4522 claudatur
1274 4473 1381 4521 bonetto.
1391 4467 1490 4519 lixindo

236 4538 317 4592 buius
329 4541 446 4592 veritatis
463 4540 565 4608 negatio
584 4540 667 4593 notari
686 4547 769 4610 posset
786 4557 846 4594 ceu·
885 4547 1041 4606 perpetuum
1059 4539 1157 4590 bellum
1180 4538 1271 4590 exemit
1289 4537 1355 4587 inter
1371 4535 1452 4601 Rayle
1465 4545 1494 4589 ct

234 4623 313 4658 aura:
333 4607 438 4660 llacresi
450 4610 575 4677 proxima.
885 4608 996 4670 lurion,
1015 4606 1060 4674 qui
1078 4606 1228 4658 seinvicem
1246 4601 1424 4674 proscindunt.

270 4675 309 4745 (2)
327 4675 357 4728 ln
374 4674 476 4729 duobus
500 4674 639 4746 operibus:
669 4671 702 4726 Le
726 4679 782 4726 croi
806 4691 845 4740 :y-
