3700 5659
397 518 457 579 160
932 527 969 570 llE
988 525 1043 570 SPE

353 643 409 686 nos
428 623 574 705 impedire
592 621 806 703 quoquomodo
824 627 956 700 possent,
1000 616 1095 678 lleum
1118 617 1359 698 contemplator,
1393 626 1426 680 et
1453 621 1590 699 quomodo

355 709 434 770 Deus
452 708 590 790 promisit
615 725 649 768 au
682 706 752 766 dare
781 704 956 781 constituit,
999 700 1039 762 sit
1073 720 1091 762 a
1119 699 1244 763 caritate
1275 701 1402 764 diversa.
1438 701 1510 783 Spes
1546 725 1591 767 ae-

353 792 428 872 quia
444 792 635 873 omnipotens
653 799 698 851 est
716 799 746 851 et
772 789 843 850 lacit
862 805 958 868 quae·
1000 803 1060 864 que
1080 803 1116 847 ac
1138 785 1248 848 caritas
1270 785 1365 847 lleom
1394 789 1592 869 contemplan-

356 895 487 957 cumque
504 876 578 953 vult,
600 874 671 955 quia
690 872 838 952 benignus
857 871 960 933 actui·
1001 875 1050 929 tur
1074 878 1109 930 ut
1137 869 1254 931 infinite
1283 870 1412 949 bonum;
1445 871 1499 933 sed
1526 876 1592 935 cari-

353 960 485 1024 scricors
502 967 558 1036 est,
578 965 668 1039 etque
680 957 818 1037 inprimis
837 964 960 1037 propter
1001 959 1045 1014 tas
1074 961 1106 1014 ut
1127 953 1244 1016 inlinite
1277 953 1389 1016 honum
1419 955 1452 1016 in
1483 955 1589 1038 seipso;

355 1043 471 1109 infinita
497 1043 607 1106 Christi
627 1042 751 1120 merita,
783 1041 813 1101 in
835 1059 907 1122 quo,
929 1048 961 1101 et
1000 1055 1069 1117 spes
1086 1055 1157 1099 vero
1175 1047 1209 1099 ut
1222 1038 1339 1099 inlinite
1361 1040 1477 1100 honum
1495 1041 1590 1119 nohis;

354 1146 515 1210 perquem
534 1126 740 1189 omnianobis
761 1124 898 1201 donavit3
915 1123 962 1186 id·
1000 1122 1110 1183 caritas
1124 1130 1159 1183 ut
1183 1140 1335 1184 sommum
1355 1123 1471 1184 honum
1491 1125 1593 1205 ahsque

354 1213 434 1277 circo
456 1220 639 1274 memoratae
658 1210 774 1271 divinae
798 1208 960 1290 perfectio·
1001 1205 1063 1266 ullo
1082 1206 1187 1267 urdine
1220 1207 1259 1267 ad
1289 1215 1460 1285 creaturas3
1488 1225 1552 1289 spes
1567 1219 1595 1271 ut
1658 1252 1659 1269 t

354 1316 420 1374 nes,
433 1315 468 1359 ac
481 1297 642 1378 praecipue
653 1294 761 1356 Christi
777 1294 883 1356 merita
895 1293 961 1373 ipsa
1001 1288 1113 1352 bonum
1125 1289 1279 1371 proprium
1291 1300 1462 1368 creaturae,
1477 1309 1512 1354 ae
1525 1310 1594 1354 crea·

355 1399 479 1462 quoque
496 1381 575 1442 inter
593 1379 774 1440 christianae
792 1377 856 1458 spei
874 1377 962 1438 moti·
1002 1380 1088 1436 turae
1110 1393 1171 1436 non
1199 1376 1297 1437 solum
1327 1376 1593 1454 communicabile,

355 1479 442 1528 vaae
460 1464 654 1526 fundamenta
674 1469 941 1524 connumerantur.
1002 1457 1156 1521 sedetiam
1171 1459 1478 1521 communicandum:
1500 1461 1595 1523 caritas

398 1548 452 1610 25.
472 1548 608 1610 Indidem
619 1565 748 1628 pronum
764 1555 809 1608 est
826 1545 961 1627 analpsiu
978 1604 982 1617 ,
1000 1541 1132 1624 denique
1149 1544 1181 1604 in
1195 1543 1256 1606 lieo
1272 1544 1412 1624 quiescit,
1426 1552 1462 1606 ut
1479 1563 1515 1606 eo
1527 1545 1597 1607 frua-¹

356 1631 515 1694 instituere
531 1631 595 1713 spei
620 1640 752 1693 nostrae.
784 1629 853 1692 ldeo
873 1631 961 1692 volu·
1000 1635 1068 1704 tur3
1090 1645 1159 1708 spes
1177 1636 1278 1690 antem
1308 1629 1347 1690 ad
1375 1629 1474 1691 lleum
1494 1630 1597 1706 tendit,

356 1735 425 1778 mus
440 1717 499 1778 lleo
517 1715 620 1798 potiri,
638 1715 710 1797 qnia
728 1715 808 1777 lleus
827 1713 960 1776 heatitu·
1001 1719 1035 1772 ut
1049 1729 1118 1773 eum
1137 1711 1300 1793 aliquando
1322 1713 1490 1793 possideat.
1511 1714 1596 1794 Atque
1659 1726 1660 1735 ¹

356 1800 395 1862 do
425 1809 529 1863 nostra
559 1807 623 1878 est3
656 1800 802 1862 sentimus
835 1798 958 1880 quippe,
1001 1794 1146 1875 hinexest,
1168 1796 1249 1877 quod
1268 1814 1354 1860 amor
1368 1797 1506 1860 caritatis
1523 1798 1595 1860 dica-

357 1883 432 1945 nihil
450 1891 568 1965 praeter
585 1884 679 1946 Deum
698 1903 753 1946 nos
771 1883 913 1965 perlicere
926 1901 962 1945 ac
1001 1887 1050 1941 tur
1079 1881 1200 1962 proprie
1218 1881 1392 1960 amicitiae,
1427 1899 1516 1944 aruor
1537 1900 1595 1944 vero

358 1969 446 2049 plene
466 1969 556 2031 heare
580 1987 680 2051 posse.
711 1967 781 2030 ldeo
804 1985 893 2044 veru,
923 1968 961 2030 ad
1001 1963 1065 2046 spei
1081 1974 1271 2046 nuncupetur
1287 1966 1559 2048 concupiscentiae.

356 2053 455 2114 Deum·
477 2053 633 2134 pervenire
651 2071 820 2134 speramus,
841 2051 913 2134 quia
932 2052 960 2114 i·
1043 2049 1097 2110 hl.
1116 2045 1191 2131 Spes
1208 2051 1288 2111 enim
1311 2050 1445 2132 aliquem
1466 2052 1595 2133 supponit

356 2136 425 2198 dem
443 2136 508 2218 ipse
534 2139 612 2200 Dens
644 2157 680 2199 ea
706 2137 805 2200 media
831 2136 960 2198 adeum
1001 2150 1148 2211 amorem,
1167 2151 1221 2196 nec
1247 2134 1312 2196 siue
1327 2153 1432 2197 amore
1452 2155 1520 2199 esse
1538 2144 1595 2216 pot·

359 2220 550 2301 perveniendi
566 2221 654 2283 nohis
672 2221 825 2302 promisit,
847 2231 876 2282 et
890 2221 962 2283 dare
1001 2226 1064 2295 est3
1096 2218 1246 2299 siquidem
1282 2219 1421 2282 voluntas
1452 2220 1484 2281 in
1513 2220 1594 2281 lleum
1660 2236 1661 2249 ¹

358 2305 431 2382 vult,
448 2305 520 2386 quia
532 2305 667 2367 Christus
681 2307 821 2386 passione
832 2323 867 2366 ae
883 2324 963 2366 mor·
1002 2319 1063 2363 non
1089 2303 1246 2381 tenderet,
1275 2303 1333 2364 nisi
1353 2312 1491 2382 amaret3
1523 2322 1596 2365 amor

359 2394 388 2450 te
405 2407 461 2450 sua
472 2389 656 2468 promeruit:
680 2389 775 2450 lactus
794 2388 904 2470 quippe
917 2398 963 2452 est
1003 2394 1103 2448 tamen
1122 2387 1186 2468 spei
1211 2388 1299 2468 longe
1318 2387 1418 2449 differt
1444 2390 1484 2451 ab
1506 2407 1596 2449 amore

359 2471 448 2534 nobis
466 2472 582 2534 iustitia
600 2481 629 2534 et
646 2473 853 2551 sanctificatio,
875 2481 963 2534 etre-
1002 2471 1146 2534 caritatis.
1167 2471 1259 2534 Amor
1277 2471 1387 2553 quippe
1404 2473 1540 2535 caritatis
1556 2472 1597 2532 ui-

359 2555 504 2637 demptio.
516 2556 642 2617 Demum
657 2556 724 2618 ideo·
735 2554 843 2620 Christi
855 2557 963 2620 merita
1003 2555 1047 2617 hil
1059 2556 1280 2637 praeterDeum
1293 2559 1517 2638 contemplatur
1530 2557 1597 2618 eius

361 2639 449 2701 nobis
464 2639 573 2702 donata
587 2649 669 2718 sunt,
686 2642 758 2721 quia
772 2641 851 2703 Deus
865 2641 965 2703 inlini·
1003 2657 1063 2720 que
1078 2640 1224 2702 infinitam
1240 2641 1423 2720 honitatem
1439 2660 1526 2704 amor
1538 2657 1597 2702 vero
1661 2674 1662 2679 κ

362 2732 391 2784 te
410 2723 507 2786 bonus
525 2733 554 2786 et
569 2724 740 2788 misericors
755 2734 811 2787 est:
832 2727 965 2790 Nomsio
1004 2723 1068 2805 spei
1087 2733 1204 2787 constat
1221 2725 1333 2806 duplici
1351 2745 1469 2805 amore,
1493 2725 1546 2788 llei
1558 2725 1598 2786 ri·

362 2809 439 2871 Deus
466 2810 574 2873 ditescit
604 2809 768 2887 incudum,
802 2819 835 2873 ut
853 2812 965 2874 Filium
1004 2808 1113 2870 delicet
1139 2817 1170 2871 et
1194 2809 1315 2891 proprio
1334 2811 1431 2892 ipsius
1450 2830 1534 2893 spem
1549 2810 1597 2870 ha·

360 2910 447 2956 suum
466 2895 658 2975 accipendum
672 2896 756 2957 daret
768 2894 829 2975 (l).
847 2895 964 2976 Exque
1006 2892 1116 2955 bentis.
1133 2893 1206 2955 Nam
1223 2895 1314 2955 homo
1332 2914 1386 2976 per
1403 2914 1491 2976 spem
1513 2895 1602 2957 lleum·

231 3049 255 3066 κ
362 2985 453 3056 patet,
472 2977 679 3042 immediatum
700 2978 764 3059 spei
783 2979 964 3041 tundamen-
1006 2976 1127 3058 quidem
1142 2986 1223 3040 amat
1236 2992 1359 3060 propter
1375 2979 1525 3042 inlinitum
1543 2978 1598 3040 eius

280 3081 287 3088 ·
363 3069 437 3139 loru,
458 3081 494 3124 ac
524 3063 643 3143 proprie
661 3063 773 3124 dictum
793 3081 859 3125 esse
887 3064 965 3124 divi-
1007 3061 1182 3138 honitatem3
1204 3071 1235 3124 at
1261 3063 1352 3125 simul
1374 3063 1508 3126 divinam
1532 3064 1600 3123 hanc
1662 3076 1663 3099 ³

363 3163 469 3206 narum
497 3146 730 3226 promissionum
754 3147 963 3225 veracitatem
999 3144 1169 3207 honitatem
1185 3147 1597 3228 amatquiaamatselpsnm,

363 3245 431 3290 nam
452 3229 558 3290 exinde
576 3229 710 3291 nascitur
724 3229 888 3308 vinculum,
901 3249 965 3312 qno
1006 3249 1134 3310 eamque
1152 3231 1348 3312 apprehendit
1364 3240 1397 3293 ut
1410 3233 1525 3293 bonum
1538 3248 1600 3312 pro-

363 3310 441 3373 Deus
469 3331 502 3374 se
528 3312 615 3374 nobis
643 3313 821 3390 obstrinxit3
855 3315 966 3377 lunda·
1006 3313 1124 3395 prium,
1144 3334 1198 3376 seu
1216 3314 1275 3376 sihi
1298 3316 1500 3393 conveniens3
1520 3318 1600 3394 atque

363 3403 495 3457 mentum
515 3414 585 3458 vero
601 3396 763 3460 mediatum
781 3399 966 3462 essemerita
1006 3398 1119 3479 appetit
1148 3399 1210 3461 Deo
1233 3400 1394 3478 coniungi,
1422 3400 1519 3480 quia,
1549 3398 1600 3460 lleo

361 3477 484 3555 Christi,
508 3499 562 3562 per
578 3499 656 3562 quae
671 3481 719 3544 ius
738 3482 887 3563 quoddam
907 3503 965 3546 no·
1007 3483 1207 3562 coniunctus,
1240 3484 1303 3545 vult
1319 3484 1440 3566 propria
1467 3483 1600 3546 beatitate

362 3562 408 3626 bis
426 3564 606 3646 acquisitum
636 3575 681 3629 est
709 3566 748 3629 ad
770 3567 870 3630 diuina
891 3568 966 3631 haec
1006 3567 1107 3648 potiri.

362 3647 560 3730 impetranda.
580 3648 734 3732 Siquidem
752 3669 857 3714 eorum
877 3653 967 3715 meri·

362 3741 460 3795 torum
491 3733 601 3797 intuitu
622 3735 709 3798 nohis
727 3735 847 3815 dantur,
869 3755 964 3818 quae·
1191 3735 1367 3782 ¹³¹³⁰P⁰⁵¹T¹⁰
1387 3737 1419 3780 ¹¹·
1457 3801 1466 3807 .

362 3834 494 3898 cumque
511 3818 637 3896 dantur3
663 3819 694 3880 in
724 3820 791 3882 eius
808 3829 967 3903 propterea
1007 3834 1089 3890 Amor
1105 3838 1167 3897 oper,
1191 3851 1238 3898 quo
1258 3833 1335 3885 heren
1354 3839 1606 3905 crimonosorum

362 3901 485 3963 nomine
509 3901 651 3965 iubemur
676 3912 799 3986 petere,
819 3905 967 3986 quidquid
1041 3915 1110 3952 mom
1123 3905 1212 3952 moute
1229 3908 1350 3966 noemin,
1375 3909 1505 3956 asarmot
1527 3907 1560 3954 ⁶¹²
1575 3901 1600 3949 ⁶⁶

363 3984 505 4062 petimus.
524 3985 629 4047 Cetera
647 3986 777 4068 denique
804 3988 855 4050 Dei
879 3990 966 4051 attri-
1042 3975 1249 4053 “PPW'M
1265 3977 1288 4021 ‘⁸
1301 3976 1434 4035 “mum
1460 3989 1510 4036 ⁹⁸⁰
1531 3971 1602 4022 Μ

365 4065 453 4144 buta,
482 4069 750 4149 omnipotentiam,
779 4072 965 4152 honitatem,
1042 4043 1166 4101 “mmm
1183 4043 1283 4101 propter
1302 4055 1336 4089 ’θ’

364 4149 600 4213 misericordiam
614 4153 749 4215 conterre
769 4153 806 4216 ad
821 4175 902 4236 spem
916 4177 969 4218 no·
1051 4156 1104 4217 ⁶28.
1128 4154 1211 4218 Hanc
1243 4157 1479 4238 propositionem
1502 4162 1606 4221 statut--

364 4241 457 4294 stram
477 4236 572 4312 magis
590 4237 735 4314 armagis
755 4239 969 4316 augendamac
1009 4259 1077 4302 mus
1104 4248 1187 4317 tum,
1211 4247 1246 4302 ut
1278 4241 1374 4319 magis
1391 4250 1490 4322 pateat
1507 4255 1605 4304 uerum·

364 4317 578 4382 roborandam.
1009 4323 1159 4386 obiectum
1180 4325 1305 4386 formale
1322 4326 1397 4406 spei,
1416 4327 1453 4388 de
1469 4345 1528 4407 qno
1549 4321 1602 4402 agi·

408 4403 461 4465 26.
475 4403 518 4466 Ex
533 4403 620 4466 dictis
635 4411 790 4486 praeterea
805 4404 967 4485 colligitur,
1011 4427 1090 4485 ntus,
1111 4415 1173 4470 tum
1192 4417 1224 4469 ut
1241 4409 1382 4471 ultimum
1402 4409 1602 4491 praecludatur

365 4506 444 4568 quae
461 4488 500 4550 sit
511 4488 632 4571 propria
648 4488 737 4568 ratio,
755 4488 811 4552 suh
832 4508 891 4572 qua
902 4511 971 4574 spes
1012 4492 1155 4568 effugium
1172 4493 1268 4571 Baio,
1302 4494 1355 4573 qui
1382 4491 1600 4556 anovatorihus

1013 4595 1130 4638 errores
1148 4596 1220 4638 suos
1239 4586 1392 4640 mutuatus
1410 4588 1466 4654 est,
1485 4579 1598 4648 docens,

403 4669 490 4738 (t)10.
510 4669 611 4734 tlt,ta.
1013 4669 1112 4723 actum
1145 4662 1209 4745 spei
1235 4662 1420 4740 theologicae
1443 4661 1523 4725 haud
1542 4672 1601 4721 esse
