<?xml version="1.0" encoding="UTF-8"?>
<!DOCTYPE html PUBLIC "-//W3C//DTD XHTML 1.0 Transitional//EN"
    "http://www.w3.org/TR/xhtml1/DTD/xhtml1-transitional.dtd">
<html xmlns="http://www.w3.org/1999/xhtml" xml:lang="en" lang="en">
 <head>
  <title>
</title>
<meta http-equiv="Content-Type" content="text/html;charset=utf-8" />
  <meta name='ocr-system' content='tesseract 3.04.00' />
  <meta name='ocr-capabilities' content='ocr_page ocr_carea ocr_par ocr_line ocrx_word'/>
</head>
<body>
  <div class='ocr_page' id='page_1' title='image "./praelectionesth09perrgoog/praelectionesth09perrgoog_0104.png"; bbox 0 0 3700 5659; ppageno 0'>
   <div class='ocr_carea' id='block_1_1' title="bbox 387 491 1034 554">
    <p class='ocr_par' dir='ltr' id='par_1_1' title="bbox 387 491 1034 554">
     <span class='ocr_line' id='line_1_1' title="bbox 387 491 1034 554; baseline -0.005 -1"><span class='ocrx_word' id='word_1_1' title='bbox 387 491 428 554; x_wconf 62' lang='lat'><strong>9³2</strong></span> <span class='ocrx_word' id='word_1_2' title='bbox 909 505 948 550; x_wconf 84' lang='lat' dir='ltr'><strong>ua</strong></span> <span class='ocrx_word' id='word_1_3' title='bbox 965 507 1034 550; x_wconf 83' lang='lat' dir='ltr'><strong>rtur</strong></span> 
     </span>
    </p>
   </div>
   <div class='ocr_carea' id='block_1_2' title="bbox 344 597 1595 1100">
    <p class='ocr_par' dir='ltr' id='par_1_2' title="bbox 344 597 1595 1100">
     <span class='ocr_line' id='line_1_2' title="bbox 344 597 1594 680; baseline -0.002 -16"><span class='ocrx_word' id='word_1_4' title='bbox 344 603 477 665; x_wconf 81' lang='lat' dir='ltr'><strong>stisnum</strong></span> <span class='ocrx_word' id='word_1_5' title='bbox 502 597 616 661; x_wconf 79' lang='lat' dir='ltr'><strong>saivari</strong></span> <span class='ocrx_word' id='word_1_6' title='bbox 635 616 747 680; x_wconf 78' lang='lat' dir='ltr'><strong>posse3</strong></span> <span class='ocrx_word' id='word_1_7' title='bbox 766 597 954 676; x_wconf 78' lang='lat' dir='ltr'><strong>distinguunt</strong></span> <span class='ocrx_word' id='word_1_8' title='bbox 997 599 1075 677; x_wconf 85' lang='lat' dir='ltr'><strong>latis,</strong></span> <span class='ocrx_word' id='word_1_9' title='bbox 1092 598 1129 661; x_wconf 89' lang='lat' dir='ltr'><strong>ad</strong></span> <span class='ocrx_word' id='word_1_10' title='bbox 1159 599 1400 663; x_wconf 81' lang='lat' dir='ltr'><strong>iustificationem</strong></span> <span class='ocrx_word' id='word_1_11' title='bbox 1424 607 1454 662; x_wconf 90' lang='lat' dir='ltr'><strong>et</strong></span> <span class='ocrx_word' id='word_1_12' title='bbox 1473 600 1594 662; x_wconf 71' lang='lat' dir='ltr'><strong>salntem·</strong></span> 
     </span>
     <span class='ocr_line' id='line_1_3' title="bbox 347 681 1592 766; baseline -0.006 -17"><span class='ocrx_word' id='word_1_13' title='bbox 347 689 426 749; x_wconf 89' lang='lat' dir='ltr'><strong>inter</strong></span> <span class='ocrx_word' id='word_1_14' title='bbox 446 703 514 746; x_wconf 91' lang='lat' dir='ltr'><strong>cum</strong></span> <span class='ocrx_word' id='word_1_15' title='bbox 533 682 585 763; x_wconf 93' lang='lat' dir='ltr'><strong>qui</strong></span> <span class='ocrx_word' id='word_1_16' title='bbox 611 691 725 764; x_wconf 89' lang='lat' dir='ltr'><strong>spectat</strong></span> <span class='ocrx_word' id='word_1_17' title='bbox 753 684 792 744; x_wconf 90' lang='lat' dir='ltr'><strong>ad</strong></span> <span class='ocrx_word' id='word_1_18' title='bbox 809 681 954 744; x_wconf 87' lang='lat' dir='ltr'><strong>ecclesiae</strong></span> <span class='ocrx_word' id='word_1_19' title='bbox 994 683 1224 764; x_wconf 83' lang='lat' dir='ltr'><strong>assequendam.</strong></span> <span class='ocrx_word' id='word_1_20' title='bbox 1245 683 1337 746; x_wconf 87' lang='lat' dir='ltr'><strong>Nemo</strong></span> <span class='ocrx_word' id='word_1_21' title='bbox 1359 693 1518 766; x_wconf 88' lang='lat' dir='ltr'><strong>praetcrea</strong></span> <span class='ocrx_word' id='word_1_22' title='bbox 1534 684 1592 744; x_wconf 86' lang='lat' dir='ltr'><strong>inb-</strong></span> 
     </span>
     <span class='ocr_line' id='line_1_4' title="bbox 346 766 1592 850; baseline -0.004 -18"><span class='ocrx_word' id='word_1_23' title='bbox 346 771 481 833; x_wconf 88' lang='lat' dir='ltr'><strong>animam</strong></span> <span class='ocrx_word' id='word_1_24' title='bbox 502 786 556 849; x_wconf 85' lang='lat' dir='ltr'><strong>per</strong></span> <span class='ocrx_word' id='word_1_25' title='bbox 569 766 657 828; x_wconf 78' lang='lat' dir='ltr'><strong>fidem</strong></span> <span class='ocrx_word' id='word_1_26' title='bbox 677 766 860 828; x_wconf 69' lang='lat' dir='ltr'><strong>habitualem</strong></span> <span class='ocrx_word' id='word_1_27' title='bbox 879 773 911 827; x_wconf 91' lang='lat' dir='ltr'><strong>et</strong></span> <span class='ocrx_word' id='word_1_28' title='bbox 924 785 956 826; x_wconf 91' lang='lat' dir='ltr'><strong>a·</strong></span> <span class='ocrx_word' id='word_1_29' title='bbox 995 767 1056 829; x_wconf 83' lang='lat' dir='ltr'><strong>cias</strong></span> <span class='ocrx_word' id='word_1_30' title='bbox 1075 768 1141 844; x_wconf 89' lang='lat' dir='ltr'><strong>ibit,</strong></span> <span class='ocrx_word' id='word_1_31' title='bbox 1163 787 1224 830; x_wconf 91' lang='lat' dir='ltr'><strong>rem</strong></span> <span class='ocrx_word' id='word_1_32' title='bbox 1259 770 1347 850; x_wconf 89' lang='lat' dir='ltr'><strong>plane</strong></span> <span class='ocrx_word' id='word_1_33' title='bbox 1366 769 1455 831; x_wconf 82' lang='lat' dir='ltr'><strong>aleae</strong></span> <span class='ocrx_word' id='word_1_34' title='bbox 1482 769 1592 849; x_wconf 78' lang='lat' dir='ltr'>plenam</span> 
     </span>
     <span class='ocr_line' id='line_1_5' title="bbox 347 849 1592 933; baseline -0.004 -17"><span class='ocrx_word' id='word_1_35' title='bbox 347 855 479 916; x_wconf 89' lang='lat' dir='ltr'><strong>ctualem</strong></span> <span class='ocrx_word' id='word_1_36' title='bbox 491 871 553 912; x_wconf 90' lang='lat' dir='ltr'><strong>una</strong></span> <span class='ocrx_word' id='word_1_37' title='bbox 564 867 631 912; x_wconf 82' lang='lat' dir='ltr'><strong>curn</strong></span> <span class='ocrx_word' id='word_1_38' title='bbox 640 849 736 927; x_wconf 78' lang='lat' dir='ltr'><strong>gratia</strong></span> <span class='ocrx_word' id='word_1_39' title='bbox 750 850 955 912; x_wconf 83' lang='lat' dir='ltr'><strong>sanctificante</strong></span> <span class='ocrx_word' id='word_1_40' title='bbox 995 866 1072 929; x_wconf 85' lang='lat' dir='ltr'><strong>osse,</strong></span> <span class='ocrx_word' id='word_1_41' title='bbox 1090 853 1165 914; x_wconf 83' lang='lat' dir='ltr'><strong>velle</strong></span> <span class='ocrx_word' id='word_1_42' title='bbox 1178 853 1377 933; x_wconf 75' lang='lat' dir='ltr'>pronunciare</span> <span class='ocrx_word' id='word_1_43' title='bbox 1391 852 1540 920; x_wconf 77' lang='lat' dir='ltr'><strong>maiorem</strong></span> <span class='ocrx_word' id='word_1_44' title='bbox 1553 853 1592 911; x_wconf 86' lang='lat' dir='ltr'><strong>rel</strong></span> 
     </span>
     <span class='ocr_line' id='line_1_6' title="bbox 350 933 1594 1021; baseline -0.003 -22"><span class='ocrx_word' id='word_1_45' title='bbox 350 956 407 1021; x_wconf 86' lang='lat' dir='ltr'><strong>per</strong></span> <span class='ocrx_word' id='word_1_46' title='bbox 419 936 583 1011; x_wconf 74' lang='lat' dir='ltr'><strong>Christum,</strong></span> <span class='ocrx_word' id='word_1_47' title='bbox 599 943 630 996; x_wconf 88' lang='lat' dir='ltr'><strong>et</strong></span> <span class='ocrx_word' id='word_1_48' title='bbox 643 953 726 1009; x_wconf 91' lang='lat' dir='ltr'><strong>eum,</strong></span> <span class='ocrx_word' id='word_1_49' title='bbox 747 934 799 1015; x_wconf 88' lang='lat' dir='ltr'><strong>qui</strong></span> <span class='ocrx_word' id='word_1_50' title='bbox 820 943 955 1016; x_wconf 86' lang='lat' dir='ltr'><strong>praetor·</strong></span> <span class='ocrx_word' id='word_1_51' title='bbox 995 936 1141 997; x_wconf 77' lang='lat' dir='ltr'>minorem</span> <span class='ocrx_word' id='word_1_52' title='bbox 1158 937 1411 1017; x_wconf 69' lang='lat' dir='ltr'><strong>probabilitatem,</strong></span> <span class='ocrx_word' id='word_1_53' title='bbox 1432 953 1524 1017; x_wconf 85' lang='lat' dir='ltr'><strong>quam</strong></span> <span class='ocrx_word' id='word_1_54' title='bbox 1543 933 1594 996; x_wconf 89' lang='lat' dir='ltr'><strong>sibi</strong></span> 
     </span>
     <span class='ocr_line' id='line_1_7' title="bbox 350 1019 1595 1100; baseline -0.004 -17"><span class='ocrx_word' id='word_1_55' title='bbox 350 1043 387 1084; x_wconf 89' lang='lat' dir='ltr'><strong>ea</strong></span> <span class='ocrx_word' id='word_1_56' title='bbox 405 1020 562 1082; x_wconf 81' lang='lat' dir='ltr'><strong>visibiliter</strong></span> <span class='ocrx_word' id='word_1_57' title='bbox 587 1019 631 1080; x_wconf 83' lang='lat' dir='ltr'><strong>in·</strong></span> <span class='ocrx_word' id='word_1_58' title='bbox 652 1019 780 1080; x_wconf 86' lang='lat' dir='ltr'><strong>ecclesia</strong></span> <span class='ocrx_word' id='word_1_59' title='bbox 799 1019 956 1098; x_wconf 83' lang='lat' dir='ltr'><strong>susceptus</strong></span> <span class='ocrx_word' id='word_1_60' title='bbox 997 1039 1196 1100; x_wconf 84' lang='lat' dir='ltr'><strong>unaquaeque</strong></span> <span class='ocrx_word' id='word_1_61' title='bbox 1215 1021 1362 1082; x_wconf 85' lang='lat' dir='ltr'><strong>sententia</strong></span> <span class='ocrx_word' id='word_1_62' title='bbox 1384 1021 1543 1095; x_wconf 83' lang='lat' dir='ltr'><strong>uindical3</strong></span> <span class='ocrx_word' id='word_1_63' title='bbox 1564 1038 1595 1078; x_wconf 88' lang='lat' dir='ltr'><strong>eo</strong></span> 
     </span>
    </p>
   </div>
   <div class='ocr_carea' id='block_1_3' title="bbox 248 1101 1597 1186">
    <p class='ocr_par' dir='ltr' id='par_1_3' title="bbox 248 1101 1597 1186">
     <span class='ocr_line' id='line_1_8' title="bbox 248 1101 1597 1186; baseline -0.004 -18"><span class='ocrx_word' id='word_1_64' title='bbox 248 1162 257 1180; x_wconf 89' lang='grc'><em>,</em></span> <span class='ocrx_word' id='word_1_65' title='bbox 350 1116 409 1168; x_wconf 88' lang='lat' dir='ltr'><strong>est.</strong></span> <span class='ocrx_word' id='word_1_66' title='bbox 427 1105 488 1165; x_wconf 90' lang='lat' dir='ltr'><strong>lam</strong></span> <span class='ocrx_word' id='word_1_67' title='bbox 503 1122 592 1182; x_wconf 81' lang='lat' dir='ltr'><strong>nero,</strong></span> <span class='ocrx_word' id='word_1_68' title='bbox 616 1102 720 1179; x_wconf 86' lang='lat' dir='ltr'><strong>aiunt,</strong></span> <span class='ocrx_word' id='word_1_69' title='bbox 737 1103 808 1163; x_wconf 88' lang='lat' dir='ltr'><strong>licet</strong></span> <span class='ocrx_word' id='word_1_70' title='bbox 822 1101 955 1162; x_wconf 88' lang='lat' dir='ltr'><strong>secundo</strong></span> <span class='ocrx_word' id='word_1_71' title='bbox 997 1104 1041 1165; x_wconf 88' lang='lat' dir='ltr'><strong>vel</strong></span> <span class='ocrx_word' id='word_1_72' title='bbox 1061 1105 1165 1182; x_wconf 79' lang='lat' dir='ltr'><strong>magis,</strong></span> <span class='ocrx_word' id='word_1_73' title='bbox 1187 1105 1266 1184; x_wconf 90' lang='lat' dir='ltr'><strong>qaod</strong></span> <span class='ocrx_word' id='word_1_74' title='bbox 1285 1103 1539 1186; x_wconf 73' lang='lat' dir='ltr'><strong>praestantissimi</strong></span> <span class='ocrx_word' id='word_1_75' title='bbox 1552 1121 1597 1162; x_wconf 89' lang='lat' dir='ltr'><strong>au-</strong></span> 
     </span>
    </p>
   </div>
   <div class='ocr_carea' id='block_1_4' title="bbox 351 1184 1607 3000">
    <p class='ocr_par' dir='ltr' id='par_1_4' title="bbox 351 1184 1601 1522">
     <span class='ocr_line' id='line_1_9' title="bbox 354 1184 1597 1267; baseline -0.005 -15"><span class='ocrx_word' id='word_1_76' title='bbox 354 1191 513 1252; x_wconf 87' lang='lat' dir='ltr'><strong>bocsensu</strong></span> <span class='ocrx_word' id='word_1_77' title='bbox 526 1187 588 1263; x_wconf 90' lang='lat' dir='ltr'><strong>illc,</strong></span> <span class='ocrx_word' id='word_1_78' title='bbox 601 1187 651 1267; x_wconf 91' lang='lat' dir='ltr'><strong>qui</strong></span> <span class='ocrx_word' id='word_1_79' title='bbox 666 1185 829 1248; x_wconf 84' lang='lat' dir='ltr'><strong>destitutus</strong></span> <span class='ocrx_word' id='word_1_80' title='bbox 840 1194 887 1246; x_wconf 86' lang='lat' dir='ltr'><strong>est</strong></span> <span class='ocrx_word' id='word_1_81' title='bbox 900 1184 957 1246; x_wconf 86' lang='lat' dir='ltr'><strong>ude</strong></span> <span class='ocrx_word' id='word_1_82' title='bbox 997 1198 1095 1249; x_wconf 89' lang='lat' dir='ltr'><strong>ctores</strong></span> <span class='ocrx_word' id='word_1_83' title='bbox 1111 1189 1189 1249; x_wconf 91' lang='lat' dir='ltr'><strong>circa</strong></span> <span class='ocrx_word' id='word_1_84' title='bbox 1204 1189 1353 1250; x_wconf 88' lang='lat' dir='ltr'><strong>eiusmodi</strong></span> <span class='ocrx_word' id='word_1_85' title='bbox 1366 1187 1515 1249; x_wconf 90' lang='lat' dir='ltr'><strong>iudicium</strong></span> <span class='ocrx_word' id='word_1_86' title='bbox 1535 1187 1597 1247; x_wconf 92' lang='lat' dir='ltr'><strong>lon-</strong></span> 
     </span>
     <span class='ocr_line' id='line_1_10' title="bbox 351 1268 1597 1356; baseline -0.005 -20"><span class='ocrx_word' id='word_1_87' title='bbox 351 1273 492 1356; x_wconf 81' lang='lat' dir='ltr'><strong>erplicita</strong></span> <span class='ocrx_word' id='word_1_88' title='bbox 511 1272 639 1332; x_wconf 91' lang='lat' dir='ltr'><strong>duorum</strong></span> <span class='ocrx_word' id='word_1_89' title='bbox 656 1270 777 1331; x_wconf 87' lang='lat' dir='ltr'><strong>illorum</strong></span> <span class='ocrx_word' id='word_1_90' title='bbox 798 1268 957 1349; x_wconf 72' lang='lat' dir='ltr'><strong>mysterio·</strong></span> <span class='ocrx_word' id='word_1_91' title='bbox 997 1291 1033 1348; x_wconf 84' lang='lat' dir='ltr'><strong>ge</strong></span> <span class='ocrx_word' id='word_1_92' title='bbox 1052 1273 1130 1334; x_wconf 88' lang='lat' dir='ltr'><strong>inter</strong></span> <span class='ocrx_word' id='word_1_93' title='bbox 1148 1288 1180 1333; x_wconf 87' lang='lat' dir='ltr'><strong>se</strong></span> <span class='ocrx_word' id='word_1_94' title='bbox 1208 1273 1371 1334; x_wconf 87' lang='lat' dir='ltr'><strong>discedant.</strong></span> <span class='ocrx_word' id='word_1_95' title='bbox 1395 1271 1597 1343; x_wconf 84' lang='lat' dir='ltr'><strong>Quamobrem</strong></span> 
     </span>
     <span class='ocr_line' id='line_1_11' title="bbox 353 1353 1599 1439; baseline -0.006 -19"><span class='ocrx_word' id='word_1_96' title='bbox 353 1378 434 1434; x_wconf 87' lang='lat' dir='ltr'><strong>rum,</strong></span> <span class='ocrx_word' id='word_1_97' title='bbox 448 1376 507 1417; x_wconf 94' lang='lat' dir='ltr'><strong>non</strong></span> <span class='ocrx_word' id='word_1_98' title='bbox 518 1355 613 1437; x_wconf 86' lang='lat' dir='ltr'><strong>possit</strong></span> <span class='ocrx_word' id='word_1_99' title='bbox 626 1353 685 1416; x_wconf 92' lang='lat' dir='ltr'><strong>dici</strong></span> <span class='ocrx_word' id='word_1_100' title='bbox 700 1353 901 1429; x_wconf 89' lang='lat' dir='ltr'><strong>cbristianus,</strong></span> <span class='ocrx_word' id='word_1_101' title='bbox 916 1361 961 1413; x_wconf 90' lang='lat' dir='ltr'><strong>at·</strong></span> <span class='ocrx_word' id='word_1_102' title='bbox 999 1375 1054 1417; x_wconf 90' lang='lat' dir='ltr'><strong>nos</strong></span> <span class='ocrx_word' id='word_1_103' title='bbox 1070 1357 1230 1418; x_wconf 77' lang='lat' dir='ltr'><strong>maluimus</strong></span> <span class='ocrx_word' id='word_1_104' title='bbox 1245 1357 1373 1418; x_wconf 92' lang='lat' dir='ltr'><strong>aliorum</strong></span> <span class='ocrx_word' id='word_1_105' title='bbox 1392 1356 1497 1439; x_wconf 91' lang='lat' dir='ltr'><strong>potius</strong></span> <span class='ocrx_word' id='word_1_106' title='bbox 1515 1374 1599 1435; x_wconf 91' lang='lat' dir='ltr'><strong>quam</strong></span> 
     </span>
     <span class='ocr_line' id='line_1_12' title="bbox 355 1403 1601 1522; baseline -0.004 -20"><span class='ocrx_word' id='word_1_107' title='bbox 355 1453 456 1504; x_wconf 80' lang='lat' dir='ltr'><strong>tamen</strong></span> <span class='ocrx_word' id='word_1_108' title='bbox 474 1441 505 1501; x_wconf 90' lang='lat' dir='ltr'><strong>in</strong></span> <span class='ocrx_word' id='word_1_109' title='bbox 525 1438 621 1520; x_wconf 88' lang='lat' dir='ltr'><strong>primo</strong></span> <span class='ocrx_word' id='word_1_110' title='bbox 640 1456 731 1500; x_wconf 87' lang='lat' dir='ltr'><strong>sensu</strong></span> <span class='ocrx_word' id='word_1_111' title='bbox 748 1437 915 1498; x_wconf 81' lang='lat' dir='ltr'><strong>formaliter</strong></span> <span class='ocrx_word' id='word_1_112' title='bbox 931 1443 961 1497; x_wconf 80' lang='lat' dir='ltr'><strong>el</strong></span> <span class='ocrx_word' id='word_1_113' title='bbox 978 1403 982 1512; x_wconf 74' lang='lat' dir='ltr'><strong>i</strong></span> <span class='ocrx_word' id='word_1_114' title='bbox 1000 1449 1132 1501; x_wconf 89' lang='lat' dir='ltr'><strong>nostram</strong></span> <span class='ocrx_word' id='word_1_115' title='bbox 1151 1487 1159 1516; x_wconf 92' lang='lat'><strong>,</strong></span> <span class='ocrx_word' id='word_1_116' title='bbox 1185 1450 1252 1502; x_wconf 93' lang='lat' dir='ltr'><strong>utut</strong></span> <span class='ocrx_word' id='word_1_117' title='bbox 1281 1442 1416 1519; x_wconf 84' lang='lat' dir='ltr'><strong>exiguam</strong></span> <span class='ocrx_word' id='word_1_118' title='bbox 1432 1489 1442 1519; x_wconf 90' lang='lat'><strong>,</strong></span> <span class='ocrx_word' id='word_1_119' title='bbox 1471 1439 1601 1522; x_wconf 90' lang='lat' dir='ltr'><strong>prolerre</strong></span> 
     </span>
    </p>

    <p class='ocr_par' dir='ltr' id='par_1_5' title="bbox 352 1520 1607 3000">
     <span class='ocr_line' id='line_1_13' title="bbox 352 1520 1328 1597; baseline 0 -11"><span class='ocrx_word' id='word_1_120' title='bbox 352 1543 458 1587; x_wconf 88' lang='lat' dir='ltr'><strong>coram</strong></span> <span class='ocrx_word' id='word_1_121' title='bbox 475 1525 535 1585; x_wconf 86' lang='lat' dir='ltr'><strong>beo</strong></span> <span class='ocrx_word' id='word_1_122' title='bbox 551 1541 621 1584; x_wconf 81' lang='lat' dir='ltr'><strong>rere</strong></span> <span class='ocrx_word' id='word_1_123' title='bbox 634 1523 820 1583; x_wconf 85' lang='lat' dir='ltr'><strong>christianus</strong></span> <span class='ocrx_word' id='word_1_124' title='bbox 837 1529 894 1597; x_wconf 89' lang='lat' dir='ltr'><strong>est,</strong></span> <span class='ocrx_word' id='word_1_125' title='bbox 910 1520 959 1581; x_wconf 89' lang='lat' dir='ltr'><strong>id·</strong></span> <span class='ocrx_word' id='word_1_126' title='bbox 1000 1524 1149 1586; x_wconf 88' lang='lat' dir='ltr'><strong>sentiendi</strong></span> <span class='ocrx_word' id='word_1_127' title='bbox 1169 1525 1328 1586; x_wconf 88' lang='lat' dir='ltr'><strong>rationem.</strong></span> 
     </span>
     <span class='ocr_line' id='line_1_14' title="bbox 353 1605 1602 1690; baseline -0.005 -19"><span class='ocrx_word' id='word_1_128' title='bbox 353 1627 456 1690; x_wconf 88' lang='lat' dir='ltr'><strong>eoque</strong></span> <span class='ocrx_word' id='word_1_129' title='bbox 474 1623 568 1688; x_wconf 80' lang='lat' dir='ltr'><strong>capax</strong></span> <span class='ocrx_word' id='word_1_130' title='bbox 587 1605 695 1669; x_wconf 87' lang='lat' dir='ltr'><strong>salutis</strong></span> <span class='ocrx_word' id='word_1_131' title='bbox 716 1605 778 1685; x_wconf 84' lang='lat' dir='ltr'><strong>(i).</strong></span> <span class='ocrx_word' id='word_1_132' title='bbox 1044 1609 1116 1670; x_wconf 86' lang='lat' dir='ltr'><strong>3&#39;lb.</strong></span> <span class='ocrx_word' id='word_1_133' title='bbox 1144 1607 1309 1672; x_wconf 80' lang='lat' dir='ltr'><strong>cardinalis</strong></span> <span class='ocrx_word' id='word_1_134' title='bbox 1340 1607 1420 1671; x_wconf 87' lang='lat' dir='ltr'><strong>Gotti</strong></span> <span class='ocrx_word' id='word_1_135' title='bbox 1456 1607 1507 1688; x_wconf 87' lang='grc'><strong>(3)</strong></span> <span class='ocrx_word' id='word_1_136' title='bbox 1524 1614 1602 1666; x_wconf 82' lang='lat' dir='ltr'><strong>vocat</strong></span> 
     </span>
     <span class='ocr_line' id='line_1_15' title="bbox 400 1689 1602 1771; baseline -0.005 -16"><span class='ocrx_word' id='word_1_137' title='bbox 400 1692 475 1755; x_wconf 78' lang='lat' dir='ltr'><strong>art.</strong></span> <span class='ocrx_word' id='word_1_138' title='bbox 497 1689 640 1771; x_wconf 81' lang='lat' dir='ltr'><strong>Reliquas</strong></span> <span class='ocrx_word' id='word_1_139' title='bbox 656 1708 727 1752; x_wconf 84' lang='lat' dir='ltr'><strong>vero</strong></span> <span class='ocrx_word' id='word_1_140' title='bbox 747 1689 959 1764; x_wconf 76' lang='lat' dir='ltr'><strong>difficultates,</strong></span> <span class='ocrx_word' id='word_1_141' title='bbox 1001 1693 1179 1754; x_wconf 90' lang='lat' dir='ltr'><strong>sententiam</strong></span> <span class='ocrx_word' id='word_1_142' title='bbox 1194 1701 1374 1754; x_wconf 86' lang='lat' dir='ltr'><strong>asserentem</strong></span> <span class='ocrx_word' id='word_1_143' title='bbox 1391 1691 1486 1753; x_wconf 90' lang='lat' dir='ltr'><strong>medii</strong></span> <span class='ocrx_word' id='word_1_144' title='bbox 1502 1704 1602 1750; x_wconf 87' lang='lat' dir='ltr'><strong>neces·</strong></span> 
     </span>
     <span class='ocr_line' id='line_1_16' title="bbox 355 1773 1602 1858; baseline -0.004 -20"><span class='ocrx_word' id='word_1_145' title='bbox 355 1795 439 1858; x_wconf 89' lang='lat' dir='ltr'><strong>quae</strong></span> <span class='ocrx_word' id='word_1_146' title='bbox 455 1795 491 1838; x_wconf 83' lang='lat' dir='ltr'><strong>ex</strong></span> <span class='ocrx_word' id='word_1_147' title='bbox 508 1775 703 1851; x_wconf 71' lang='lat' dir='ltr'><strong>congruentia</strong></span> <span class='ocrx_word' id='word_1_148' title='bbox 722 1773 960 1851; x_wconf 73' lang='lat' dir='ltr'><strong>urgerisolent,</strong></span> <span class='ocrx_word' id='word_1_149' title='bbox 1001 1776 1119 1838; x_wconf 86' lang='lat' dir='ltr'><strong>sitalem</strong></span> <span class='ocrx_word' id='word_1_150' title='bbox 1154 1778 1381 1856; x_wconf 74' lang='lat' dir='ltr'><strong>probabiliorem</strong></span> <span class='ocrx_word' id='word_1_151' title='bbox 1409 1783 1438 1838; x_wconf 89' lang='lat' dir='ltr'><strong>et</strong></span> <span class='ocrx_word' id='word_1_152' title='bbox 1468 1775 1602 1836; x_wconf 84' lang='lat' dir='ltr'><strong>latiorem</strong></span> 
     </span>
     <span class='ocr_line' id='line_1_17' title="bbox 354 1856 1604 1942; baseline -0.005 -19"><span class='ocrx_word' id='word_1_153' title='bbox 354 1863 396 1923; x_wconf 84' lang='lat' dir='ltr'><strong>de</strong></span> <span class='ocrx_word' id='word_1_154' title='bbox 414 1859 521 1922; x_wconf 87' lang='lat' dir='ltr'><strong>maiori</strong></span> <span class='ocrx_word' id='word_1_155' title='bbox 539 1857 717 1921; x_wconf 80' lang='lat' dir='ltr'><strong>necessitate</strong></span> <span class='ocrx_word' id='word_1_156' title='bbox 735 1856 803 1919; x_wconf 84' lang='lat' dir='ltr'><strong>fidei</strong></span> <span class='ocrx_word' id='word_1_157' title='bbox 831 1856 861 1916; x_wconf 93' lang='lat' dir='ltr'><strong>in</strong></span> <span class='ocrx_word' id='word_1_158' title='bbox 887 1874 963 1917; x_wconf 84' lang='lat' dir='ltr'><strong>noro</strong></span> <span class='ocrx_word' id='word_1_159' title='bbox 1003 1877 1131 1941; x_wconf 87' lang='lat' dir='ltr'><strong>eamque</strong></span> <span class='ocrx_word' id='word_1_160' title='bbox 1150 1868 1335 1942; x_wconf 84' lang='lat' dir='ltr'><strong>propugnat3</strong></span> <span class='ocrx_word' id='word_1_161' title='bbox 1355 1859 1539 1922; x_wconf 87' lang='lat' dir='ltr'><strong>sententiam</strong></span> <span class='ocrx_word' id='word_1_162' title='bbox 1563 1867 1604 1918; x_wconf 88' lang='lat' dir='ltr'><strong>ta·</strong></span> 
     </span>
     <span class='ocr_line' id='line_1_18' title="bbox 355 1939 1603 2026; baseline -0.005 -20"><span class='ocrx_word' id='word_1_163' title='bbox 355 1965 452 2026; x_wconf 90' lang='lat' dir='ltr'><strong>qnam</strong></span> <span class='ocrx_word' id='word_1_164' title='bbox 471 1943 608 2004; x_wconf 86' lang='lat' dir='ltr'><strong>iuratori</strong></span> <span class='ocrx_word' id='word_1_165' title='bbox 623 1939 966 2018; x_wconf 85' lang='lat' dir='ltr'><strong>Testamento,decon-</strong></span> <span class='ocrx_word' id='word_1_166' title='bbox 1004 1963 1072 2006; x_wconf 92' lang='lat' dir='ltr'><strong>men</strong></span> <span class='ocrx_word' id='word_1_167' title='bbox 1109 1953 1265 2022; x_wconf 81' lang='lat' dir='ltr'><strong>negantem</strong></span> <span class='ocrx_word' id='word_1_168' title='bbox 1308 1943 1492 2026; x_wconf 89' lang='lat' dir='ltr'><strong>pronunciat</strong></span> <span class='ocrx_word' id='word_1_169' title='bbox 1526 1941 1603 2002; x_wconf 86' lang='lat' dir='ltr'><strong>raldo</strong></span> 
     </span>
     <span class='ocr_line' id='line_1_19' title="bbox 355 2025 1604 2110; baseline -0.004 -20"><span class='ocrx_word' id='word_1_170' title='bbox 355 2029 525 2104; x_wconf 79' lang='lat' dir='ltr'><strong>uenientia,</strong></span> <span class='ocrx_word' id='word_1_171' title='bbox 546 2036 581 2088; x_wconf 91' lang='lat' dir='ltr'><strong>ut</strong></span> <span class='ocrx_word' id='word_1_172' title='bbox 600 2027 739 2108; x_wconf 78' lang='lat' dir='ltr'><strong>explicite</strong></span> <span class='ocrx_word' id='word_1_173' title='bbox 767 2033 966 2101; x_wconf 81' lang='lat' dir='ltr'><strong>cognoscatur</strong></span> <span class='ocrx_word' id='word_1_174' title='bbox 1005 2029 1190 2110; x_wconf 88' lang='lat' dir='ltr'><strong>probabilem</strong></span> <span class='ocrx_word' id='word_1_175' title='bbox 1217 2029 1278 2108; x_wconf 77' lang='lat' dir='ltr'><strong>(d).</strong></span> <span class='ocrx_word' id='word_1_176' title='bbox 1299 2027 1348 2090; x_wconf 86' lang='lat' dir='ltr'><strong>Sic</strong></span> <span class='ocrx_word' id='word_1_177' title='bbox 1379 2028 1471 2090; x_wconf 87' lang='lat' dir='ltr'><strong>etiarn</strong></span> <span class='ocrx_word' id='word_1_178' title='bbox 1503 2045 1530 2089; x_wconf 92' lang='lat' dir='ltr'><strong>s.</strong></span> <span class='ocrx_word' id='word_1_179' title='bbox 1558 2025 1604 2086; x_wconf 84' lang='lat' dir='ltr'><strong>nt·</strong></span> 
     </span>
     <span class='ocr_line' id='line_1_20' title="bbox 363 2107 1604 2194; baseline -0.005 -20"><span class='ocrx_word' id='word_1_180' title='bbox 363 2124 395 2174; x_wconf 89' lang='lat' dir='ltr'><strong>et</strong></span> <span class='ocrx_word' id='word_1_181' title='bbox 411 2113 551 2174; x_wconf 76' lang='lat' dir='ltr'><strong>cmrlatnr</strong></span> <span class='ocrx_word' id='word_1_182' title='bbox 565 2120 670 2173; x_wconf 87' lang='lat' dir='ltr'><strong>auctor</strong></span> <span class='ocrx_word' id='word_1_183' title='bbox 683 2109 770 2172; x_wconf 85' lang='lat' dir='ltr'><strong>ettia</strong></span> <span class='ocrx_word' id='word_1_184' title='bbox 781 2109 900 2186; x_wconf 88' lang='lat' dir='ltr'><strong>salutis,</strong></span> <span class='ocrx_word' id='word_1_185' title='bbox 913 2107 966 2188; x_wconf 91' lang='lat' dir='ltr'><strong>qui</strong></span> <span class='ocrx_word' id='word_1_186' title='bbox 1005 2114 1138 2194; x_wconf 89' lang='lat' dir='ltr'><strong>pbonsus</strong></span> <span class='ocrx_word' id='word_1_187' title='bbox 1170 2113 1206 2174; x_wconf 91' lang='lat' dir='ltr'><strong>de</strong></span> <span class='ocrx_word' id='word_1_188' title='bbox 1225 2111 1344 2188; x_wconf 76' lang='lat' dir='ltr'><strong>Ligario</strong></span> <span class='ocrx_word' id='word_1_189' title='bbox 1372 2121 1504 2189; x_wconf 85' lang='lat' dir='ltr'><strong>censet,</strong></span> <span class='ocrx_word' id='word_1_190' title='bbox 1529 2109 1604 2172; x_wconf 89' lang='lat' dir='ltr'><strong>allir·</strong></span> 
     </span>
     <span class='ocr_line' id='line_1_21' title="bbox 359 2193 1603 2277; baseline -0.005 -18"><span class='ocrx_word' id='word_1_191' title='bbox 359 2208 409 2259; x_wconf 86' lang='lat' dir='ltr'><strong>est</strong></span> <span class='ocrx_word' id='word_1_192' title='bbox 422 2196 570 2272; x_wconf 77' lang='lat' dir='ltr'><strong>cbristus,</strong></span> <span class='ocrx_word' id='word_1_193' title='bbox 578 2195 714 2275; x_wconf 88' lang='lat' dir='ltr'><strong>aliasque</strong></span> <span class='ocrx_word' id='word_1_194' title='bbox 732 2193 881 2255; x_wconf 89' lang='lat' dir='ltr'><strong>eiusmodi</strong></span> <span class='ocrx_word' id='word_1_195' title='bbox 896 2193 968 2253; x_wconf 82' lang='lat' dir='ltr'><strong>mie·</strong></span> <span class='ocrx_word' id='word_1_196' title='bbox 1007 2205 1137 2258; x_wconf 88' lang='lat' dir='ltr'><strong>mantem</strong></span> <span class='ocrx_word' id='word_1_197' title='bbox 1158 2215 1224 2259; x_wconf 89' lang='lat' dir='ltr'><strong>esse</strong></span> <span class='ocrx_word' id='word_1_198' title='bbox 1237 2197 1481 2277; x_wconf 82' lang='lat' dir='ltr'><strong>probabiliorem,</strong></span> <span class='ocrx_word' id='word_1_199' title='bbox 1497 2211 1603 2272; x_wconf 85' lang='lat' dir='ltr'><strong>negan-</strong></span> 
     </span>
     <span class='ocr_line' id='line_1_22' title="bbox 359 2277 1605 2362; baseline -0.005 -19"><span class='ocrx_word' id='word_1_200' title='bbox 359 2301 413 2344; x_wconf 84' lang='lat' dir='ltr'><strong>sas</strong></span> <span class='ocrx_word' id='word_1_201' title='bbox 430 2280 529 2356; x_wconf 87' lang='lat' dir='ltr'><strong>lacio,</strong></span> <span class='ocrx_word' id='word_1_202' title='bbox 563 2297 631 2340; x_wconf 92' lang='lat' dir='ltr'><strong>curn</strong></span> <span class='ocrx_word' id='word_1_203' title='bbox 652 2279 727 2340; x_wconf 89' lang='lat' dir='ltr'><strong>istae</strong></span> <span class='ocrx_word' id='word_1_204' title='bbox 752 2296 813 2338; x_wconf 95' lang='lat' dir='ltr'><strong>non</strong></span> <span class='ocrx_word' id='word_1_205' title='bbox 842 2284 968 2353; x_wconf 80' lang='lat' dir='ltr'><strong>arguant</strong></span> <span class='ocrx_word' id='word_1_206' title='bbox 1008 2293 1066 2342; x_wconf 90' lang='lat' dir='ltr'><strong>tem</strong></span> <span class='ocrx_word' id='word_1_207' title='bbox 1086 2299 1155 2342; x_wconf 84' lang='lat' dir='ltr'><strong>nero</strong></span> <span class='ocrx_word' id='word_1_208' title='bbox 1174 2281 1245 2343; x_wconf 89' lang='lat' dir='ltr'><strong>dicit</strong></span> <span class='ocrx_word' id='word_1_209' title='bbox 1261 2281 1441 2362; x_wconf 80' lang='lat' dir='ltr'><strong>probabilem</strong></span> <span class='ocrx_word' id='word_1_210' title='bbox 1460 2281 1525 2361; x_wconf 84' lang='lat'><strong>(5).</strong></span> <span class='ocrx_word' id='word_1_211' title='bbox 1545 2277 1605 2339; x_wconf 86' lang='lat' dir='ltr'><strong>Car·</strong></span> 
     </span>
     <span class='ocr_line' id='line_1_23' title="bbox 365 2359 1605 2443; baseline -0.005 -17"><span class='ocrx_word' id='word_1_212' title='bbox 365 2365 424 2426; x_wconf 90' lang='lat' dir='ltr'><strong>nisi</strong></span> <span class='ocrx_word' id='word_1_213' title='bbox 444 2363 589 2424; x_wconf 88' lang='lat' dir='ltr'><strong>maiorem</strong></span> <span class='ocrx_word' id='word_1_214' title='bbox 610 2363 818 2424; x_wconf 85' lang='lat' dir='ltr'><strong>necessitatem</strong></span> <span class='ocrx_word' id='word_1_215' title='bbox 844 2379 969 2443; x_wconf 77' lang='lat' dir='ltr'><strong>praece-</strong></span> <span class='ocrx_word' id='word_1_216' title='bbox 1007 2366 1116 2426; x_wconf 81' lang='lat' dir='ltr'><strong>binalis</strong></span> <span class='ocrx_word' id='word_1_217' title='bbox 1135 2365 1171 2426; x_wconf 89' lang='lat' dir='ltr'><strong>de</strong></span> <span class='ocrx_word' id='word_1_218' title='bbox 1194 2365 1273 2442; x_wconf 82' lang='lat' dir='ltr'><strong>Lugo</strong></span> <span class='ocrx_word' id='word_1_219' title='bbox 1294 2383 1311 2426; x_wconf 92' lang='lat' dir='ltr'><strong>e</strong></span> <span class='ocrx_word' id='word_1_220' title='bbox 1332 2367 1487 2426; x_wconf 86' lang='lat' dir='ltr'><strong>contrario</strong></span> <span class='ocrx_word' id='word_1_221' title='bbox 1508 2359 1605 2424; x_wconf 88' lang='lat' dir='ltr'><strong>eristi·</strong></span> 
     </span>
     <span class='ocr_line' id='line_1_24' title="bbox 364 2445 1607 2531; baseline -0.005 -21"><span class='ocrx_word' id='word_1_222' title='bbox 364 2449 421 2531; x_wconf 87' lang='lat' dir='ltr'><strong>pti,</strong></span> <span class='ocrx_word' id='word_1_223' title='bbox 443 2448 566 2523; x_wconf 76' lang='lat' dir='ltr'><strong>minime</strong></span> <span class='ocrx_word' id='word_1_224' title='bbox 583 2465 653 2507; x_wconf 82' lang='lat' dir='ltr'><strong>uero</strong></span> <span class='ocrx_word' id='word_1_225' title='bbox 673 2445 763 2506; x_wconf 87' lang='lat' dir='ltr'><strong>medii</strong></span> <span class='ocrx_word' id='word_1_226' title='bbox 780 2445 841 2526; x_wconf 61' lang='grc' dir='ltr'>(ἓ).</span> <span class='ocrx_word' id='word_1_227' title='bbox 1009 2459 1080 2523; x_wconf 82' lang='lat' dir='ltr'><strong>mat,</strong></span> <span class='ocrx_word' id='word_1_228' title='bbox 1098 2449 1275 2511; x_wconf 81' lang='lat' dir='ltr'><strong>sententiam</strong></span> <span class='ocrx_word' id='word_1_229' title='bbox 1289 2458 1444 2526; x_wconf 86' lang='lat' dir='ltr'><strong>negantem</strong></span> <span class='ocrx_word' id='word_1_230' title='bbox 1461 2467 1531 2510; x_wconf 91' lang='lat' dir='ltr'><strong>esse</strong></span> <span class='ocrx_word' id='word_1_231' title='bbox 1546 2461 1607 2525; x_wconf 90' lang='lat' dir='ltr'><strong>pro·</strong></span> 
     </span>
     <span class='ocr_line' id='line_1_25' title="bbox 409 2528 1606 2614; baseline -0.006 -20"><span class='ocrx_word' id='word_1_232' title='bbox 409 2532 514 2612; x_wconf 88' lang='lat' dir='ltr'><strong>ltaque</strong></span> <span class='ocrx_word' id='word_1_233' title='bbox 530 2532 604 2592; x_wconf 90' lang='lat' dir='ltr'><strong>baec</strong></span> <span class='ocrx_word' id='word_1_234' title='bbox 619 2528 803 2612; x_wconf 86' lang='lat' dir='ltr'><strong>capitulatim</strong></span> <span class='ocrx_word' id='word_1_235' title='bbox 817 2545 871 2610; x_wconf 92' lang='lat' dir='ltr'><strong>pro</strong></span> <span class='ocrx_word' id='word_1_236' title='bbox 889 2535 971 2589; x_wconf 89' lang='lat' dir='ltr'><strong>utra·</strong></span> <span class='ocrx_word' id='word_1_237' title='bbox 1009 2529 1189 2610; x_wconf 74' lang='lat' dir='ltr'><strong>habiliorem,</strong></span> <span class='ocrx_word' id='word_1_238' title='bbox 1204 2542 1293 2614; x_wconf 90' lang='lat' dir='ltr'><strong>atque</strong></span> <span class='ocrx_word' id='word_1_239' title='bbox 1310 2533 1352 2594; x_wconf 90' lang='lat' dir='ltr'><strong>uti</strong></span> <span class='ocrx_word' id='word_1_240' title='bbox 1372 2533 1460 2594; x_wconf 90' lang='lat' dir='ltr'><strong>talem</strong></span> <span class='ocrx_word' id='word_1_241' title='bbox 1479 2531 1606 2594; x_wconf 87' lang='lat' dir='ltr'><strong>adstrue·</strong></span> 
     </span>
     <span class='ocr_line' id='line_1_26' title="bbox 364 2611 1607 2697; baseline -0.006 -19"><span class='ocrx_word' id='word_1_242' title='bbox 364 2636 428 2697; x_wconf 90' lang='lat' dir='ltr'><strong>que</strong></span> <span class='ocrx_word' id='word_1_243' title='bbox 463 2615 612 2677; x_wconf 87' lang='lat' dir='ltr'><strong>sententia</strong></span> <span class='ocrx_word' id='word_1_244' title='bbox 636 2623 812 2692; x_wconf 84' lang='lat' dir='ltr'><strong>argumenta</strong></span> <span class='ocrx_word' id='word_1_245' title='bbox 836 2611 970 2690; x_wconf 78' lang='lat' dir='ltr'><strong>attigisse</strong></span> <span class='ocrx_word' id='word_1_246' title='bbox 1009 2617 1173 2693; x_wconf 84' lang='lat' dir='ltr'><strong>renititur,</strong></span> <span class='ocrx_word' id='word_1_247' title='bbox 1191 2627 1424 2680; x_wconf 89' lang='lat' dir='ltr'><strong>etcommunem</strong></span> <span class='ocrx_word' id='word_1_248' title='bbox 1445 2616 1521 2676; x_wconf 89' lang='lat' dir='ltr'><strong>dicit</strong></span> <span class='ocrx_word' id='word_1_249' title='bbox 1537 2614 1607 2674; x_wconf 88' lang='lat' dir='ltr'><strong>inter</strong></span> 
     </span>
     <span class='ocr_line' id='line_1_27' title="bbox 366 2695 1603 2782; baseline -0.007 -20"><span class='ocrx_word' id='word_1_250' title='bbox 366 2700 516 2777; x_wconf 88' lang='lat' dir='ltr'><strong>sulliciat;</strong></span> <span class='ocrx_word' id='word_1_251' title='bbox 538 2699 629 2760; x_wconf 88' lang='lat' dir='ltr'><strong>buius</strong></span> <span class='ocrx_word' id='word_1_252' title='bbox 648 2698 693 2760; x_wconf 86' lang='lat' dir='ltr'><strong>rei</strong></span> <span class='ocrx_word' id='word_1_253' title='bbox 712 2697 909 2760; x_wconf 87' lang='lat' dir='ltr'><strong>studiosiores</strong></span> <span class='ocrx_word' id='word_1_254' title='bbox 934 2695 970 2758; x_wconf 90' lang='lat' dir='ltr'><strong>ad</strong></span> <span class='ocrx_word' id='word_1_255' title='bbox 1010 2701 1221 2780; x_wconf 87' lang='lat' dir='ltr'><strong>recentiores,</strong></span> <span class='ocrx_word' id='word_1_256' title='bbox 1251 2719 1379 2782; x_wconf 86' lang='lat' dir='ltr'><strong>eamque</strong></span> <span class='ocrx_word' id='word_1_257' title='bbox 1413 2697 1559 2762; x_wconf 82' lang='lat' dir='ltr'><strong>adscribit</strong></span> <span class='ocrx_word' id='word_1_258' title='bbox 1582 2713 1603 2754; x_wconf 94' lang='lat' dir='ltr'><strong>s.</strong></span> 
     </span>
     <span class='ocr_line' id='line_1_28' title="bbox 367 2778 1607 2868; baseline -0.008 -20"><span class='ocrx_word' id='word_1_259' title='bbox 367 2795 513 2867; x_wconf 87' lang='lat' dir='ltr'><strong>patronos</strong></span> <span class='ocrx_word' id='word_1_260' title='bbox 531 2783 717 2861; x_wconf 85' lang='lat' dir='ltr'><strong>delegamus.</strong></span> <span class='ocrx_word' id='word_1_261' title='bbox 1010 2786 1142 2848; x_wconf 88' lang='lat' dir='ltr'><strong>Tbomae</strong></span> <span class='ocrx_word' id='word_1_262' title='bbox 1162 2787 1223 2868; x_wconf 83' lang='lat'><strong>(6).</strong></span> <span class='ocrx_word' id='word_1_263' title='bbox 1245 2785 1348 2848; x_wconf 87' lang='lat' dir='ltr'><strong>Kilber</strong></span> <span class='ocrx_word' id='word_1_264' title='bbox 1364 2785 1520 2866; x_wconf 75' lang='lat' dir='ltr'><strong>professor</strong></span> <span class='ocrx_word' id='word_1_265' title='bbox 1537 2778 1607 2842; x_wconf 89' lang='lat' dir='ltr'><strong>Wir·</strong></span> 
     </span>
     <span class='ocr_line' id='line_1_29' title="bbox 630 2868 1606 3000; baseline -0.01 -66"><span class='ocrx_word' id='word_1_266' title='bbox 630 2918 701 3000; x_wconf 65' lang='lat' dir='ltr'><strong>§W</strong></span> <span class='ocrx_word' id='word_1_267' title='bbox 1012 2869 1215 2948; x_wconf 84' lang='lat' dir='ltr'><strong>ceburgensis,</strong></span> <span class='ocrx_word' id='word_1_268' title='bbox 1233 2889 1286 2931; x_wconf 90' lang='lat' dir='ltr'><strong>seu</strong></span> <span class='ocrx_word' id='word_1_269' title='bbox 1308 2868 1546 2950; x_wconf 87' lang='lat' dir='ltr'><strong>Herbipolensis,</strong></span> <span class='ocrx_word' id='word_1_270' title='bbox 1562 2881 1606 2924; x_wconf 90' lang='lat' dir='ltr'><strong>ce·</strong></span> 
     </span>
    </p>
   </div>
   <div class='ocr_carea' id='block_1_5' title="bbox 381 2949 1606 3118">
    <p class='ocr_par' dir='ltr' id='par_1_6' title="bbox 381 2949 1606 3118">
     <span class='ocr_line' id='line_1_30' title="bbox 1012 2949 1606 3034; baseline -0.017 -18"><span class='ocrx_word' id='word_1_271' title='bbox 1012 2954 1112 3032; x_wconf 88' lang='lat' dir='ltr'><strong>leber,</strong></span> <span class='ocrx_word' id='word_1_272' title='bbox 1135 2961 1219 3016; x_wconf 87' lang='lat' dir='ltr'><strong>rorat</strong></span> <span class='ocrx_word' id='word_1_273' title='bbox 1253 2962 1412 3034; x_wconf 90' lang='lat' dir='ltr'><strong>utramque</strong></span> <span class='ocrx_word' id='word_1_274' title='bbox 1434 2949 1606 3014; x_wconf 87' lang='lat' dir='ltr'><strong>sententiam</strong></span> 
     </span>
     <span class='ocr_line' id='line_1_31' title="bbox 381 3025 1369 3118; baseline -0.01 -39"><span class='ocrx_word' id='word_1_275' title='bbox 381 3025 503 3079; x_wconf 80' lang='lat' dir='ltr'><strong>iudicium</strong></span> <span class='ocrx_word' id='word_1_276' title='bbox 514 3030 643 3089; x_wconf 68' lang='lat' dir='ltr'><strong>exponitur</strong></span> <span class='ocrx_word' id='word_1_277' title='bbox 654 3029 815 3077; x_wconf 71' lang='lat' dir='ltr'><strong>recentiorem</strong></span> <span class='ocrx_word' id='word_1_278' title='bbox 827 3030 957 3076; x_wconf 66' lang='lat' dir='ltr'><strong>culorum</strong></span> <span class='ocrx_word' id='word_1_279' title='bbox 1014 3055 1103 3118; x_wconf 57' lang='lat' dir='ltr'><strong>aeque</strong></span> <span class='ocrx_word' id='word_1_280' title='bbox 1117 3039 1299 3118; x_wconf 61' lang='lat' dir='ltr'><strong>probam-pem</strong></span> <span class='ocrx_word' id='word_1_281' title='bbox 1322 3037 1369 3118; x_wconf 74' lang='lat' dir='ltr'><strong>(q)</strong></span> 
     </span>
    </p>
   </div>
   <div class='ocr_carea' id='block_1_6' title="bbox 529 3097 810 3156">
    <p class='ocr_par' dir='ltr' id='par_1_7' title="bbox 529 3097 810 3156">
     <span class='ocr_line' id='line_1_32' title="bbox 529 3097 810 3156; baseline 0.007 -14"><span class='ocrx_word' id='word_1_282' title='bbox 529 3097 557 3142; x_wconf 76' lang='lat' dir='ltr'><strong>de</strong></span> <span class='ocrx_word' id='word_1_283' title='bbox 568 3099 671 3156; x_wconf 77' lang='lat' dir='ltr'><strong>atroque</strong></span> <span class='ocrx_word' id='word_1_284' title='bbox 682 3097 810 3144; x_wconf 64' lang='lat' dir='ltr'><strong>calentia.</strong></span> 
     </span>
    </p>
   </div>
   <div class='ocr_carea' id='block_1_7' title="bbox 372 3121 1612 3792">
    <p class='ocr_par' dir='ltr' id='par_1_8' title="bbox 1057 3121 1608 3198">
     <span class='ocr_line' id='line_1_33' title="bbox 1057 3121 1608 3198; baseline -0.018 -14"><span class='ocrx_word' id='word_1_285' title='bbox 1057 3124 1129 3184; x_wconf 81' lang='lat' dir='ltr'><strong>att.</strong></span> <span class='ocrx_word' id='word_1_286' title='bbox 1157 3123 1291 3184; x_wconf 81' lang='lat' dir='ltr'><strong>Eximius</strong></span> <span class='ocrx_word' id='word_1_287' title='bbox 1320 3121 1429 3182; x_wconf 87' lang='lat' dir='ltr'><strong>Su&#39;arez</strong></span> <span class='ocrx_word' id='word_1_288' title='bbox 1455 3127 1608 3198; x_wconf 82' lang='lat' dir='ltr'><strong>utramque</strong></span> 
     </span>
    </p>

    <p class='ocr_par' dir='ltr' id='par_1_9' title="bbox 372 3200 1612 3792">
     <span class='ocr_line' id='line_1_34' title="bbox 414 3200 1606 3288; baseline -0.02 -5"><span class='ocrx_word' id='word_1_289' title='bbox 414 3203 487 3264; x_wconf 70' lang='lat'><strong>375·</strong></span> <span class='ocrx_word' id='word_1_290' title='bbox 505 3201 597 3264; x_wconf 75' lang='lat' dir='ltr'><strong>N⁰ffl⁰</strong></span> <span class='ocrx_word' id='word_1_291' title='bbox 613 3200 775 3278; x_wconf 59' lang='lat' dir='ltr'><strong>negaberit,</strong></span> <span class='ocrx_word' id='word_1_292' title='bbox 791 3219 895 3275; x_wconf 63' lang='lat' dir='ltr'><strong>grates</strong></span> <span class='ocrx_word' id='word_1_293' title='bbox 911 3209 973 3262; x_wconf 74' lang='lat' dir='ltr'><strong>illm</strong></span> <span class='ocrx_word' id='word_1_294' title='bbox 1015 3207 1176 3268; x_wconf 88' lang='lat' dir='ltr'><strong>conciliare</strong></span> <span class='ocrx_word' id='word_1_295' title='bbox 1204 3207 1374 3288; x_wconf 86' lang='lat' dir='ltr'><strong>opinionem</strong></span> <span class='ocrx_word' id='word_1_296' title='bbox 1398 3205 1528 3266; x_wconf 85' lang='lat' dir='ltr'><strong>adnisus¹</strong></span> <span class='ocrx_word' id='word_1_297' title='bbox 1546 3207 1606 3272; x_wconf 87' lang='lat' dir='ltr'><strong>est,</strong></span> 
     </span>
     <span class='ocr_line' id='line_1_35' title="bbox 372 3283 1610 3370; baseline -0.018 -4"><span class='ocrx_word' id='word_1_298' title='bbox 372 3286 578 3362; x_wconf 54' lang='lat' dir='ltr'><strong>fluminales,</strong></span> <span class='ocrx_word' id='word_1_299' title='bbox 599 3294 662 3346; x_wconf 71' lang='lat' dir='ltr'>¹¹1¹ss</span> <span class='ocrx_word' id='word_1_300' title='bbox 681 3285 813 3346; x_wconf 67' lang='lat' dir='ltr'><strong>l²il⁰¹¹⁰s</strong></span> <span class='ocrx_word' id='word_1_301' title='bbox 833 3286 978 3360; x_wconf 65' lang='lat' dir='ltr'><strong>sufflaba-</strong></span> <span class='ocrx_word' id='word_1_302' title='bbox 1015 3290 1161 3352; x_wconf 88' lang='lat' dir='ltr'><strong>scribens:</strong></span> <span class='ocrx_word' id='word_1_303' title='bbox 1183 3291 1346 3353; x_wconf 82' lang='lat' dir='ltr'><strong>Dicendum</strong></span> <span class='ocrx_word' id='word_1_304' title='bbox 1365 3299 1405 3352; x_wconf 83' lang='lat' dir='ltr'><strong>est</strong></span> <span class='ocrx_word' id='word_1_305' title='bbox 1421 3289 1510 3370; x_wconf 70' lang='lat' dir='ltr'><strong>fidem</strong></span> <span class='ocrx_word' id='word_1_306' title='bbox 1527 3283 1610 3364; x_wconf 75' lang='lat' dir='ltr'><strong>reptil-</strong></span> 
     </span>
     <span class='ocr_line' id='line_1_36' title="bbox 373 3365 1610 3455; baseline -0.009 -18"><span class='ocrx_word' id='word_1_307' title='bbox 373 3373 397 3430; x_wconf 76' lang='grc' dir='ltr'><strong>ιι</strong></span> <span class='ocrx_word' id='word_1_308' title='bbox 417 3380 476 3431; x_wconf 74' lang='lat' dir='ltr'><strong>mm</strong></span> <span class='ocrx_word' id='word_1_309' title='bbox 497 3369 650 3450; x_wconf 88' lang='lat' dir='ltr'><strong>uniquam</strong></span> <span class='ocrx_word' id='word_1_310' title='bbox 663 3368 750 3430; x_wconf 89' lang='lat' dir='ltr'><strong>alteri</strong></span> <span class='ocrx_word' id='word_1_311' title='bbox 769 3370 975 3446; x_wconf 79' lang='lat' dir='ltr'><strong>theologorum</strong></span> <span class='ocrx_word' id='word_1_312' title='bbox 1016 3375 1103 3437; x_wconf 84' lang='lat' dir='ltr'><strong>ettam</strong></span> <span class='ocrx_word' id='word_1_313' title='bbox 1126 3375 1252 3452; x_wconf 83' lang='lat' dir='ltr'><strong>Gbristi,</strong></span> <span class='ocrx_word' id='word_1_314' title='bbox 1269 3393 1328 3455; x_wconf 84' lang='lat' dir='ltr'><strong>per</strong></span> <span class='ocrx_word' id='word_1_315' title='bbox 1343 3391 1372 3436; x_wconf 86' lang='lat' dir='ltr'><strong>ae</strong></span> <span class='ocrx_word' id='word_1_316' title='bbox 1386 3365 1542 3452; x_wconf 78' lang='lat' dir='ltr'><strong>toqrreado,</strong></span> <span class='ocrx_word' id='word_1_317' title='bbox 1560 3381 1610 3430; x_wconf 84' lang='lat' dir='ltr'><strong>esar</strong></span> 
     </span>
     <span class='ocr_line' id='line_1_37' title="bbox 373 3451 1609 3538; baseline -0.006 -21"><span class='ocrx_word' id='word_1_318' title='bbox 373 3455 494 3536; x_wconf 89' lang='lat' dir='ltr'><strong>placito,</strong></span> <span class='ocrx_word' id='word_1_319' title='bbox 512 3454 565 3535; x_wconf 91' lang='lat' dir='ltr'><strong>qui</strong></span> <span class='ocrx_word' id='word_1_320' title='bbox 584 3455 628 3515; x_wconf 87' lang='lat' dir='ltr'><strong>rel</strong></span> <span class='ocrx_word' id='word_1_321' title='bbox 646 3460 845 3538; x_wconf 78' lang='lat' dir='ltr'><strong>propugnant,</strong></span> <span class='ocrx_word' id='word_1_322' title='bbox 861 3453 907 3513; x_wconf 84' lang='lat' dir='ltr'><strong>rel</strong></span> <span class='ocrx_word' id='word_1_323' title='bbox 927 3471 977 3514; x_wconf 82' lang='lat' dir='ltr'><strong>tre·</strong></span> <span class='ocrx_word' id='word_1_324' title='bbox 1016 3460 1215 3522; x_wconf 84' lang='lat' dir='ltr'><strong>necessariam</strong></span> <span class='ocrx_word' id='word_1_325' title='bbox 1233 3460 1370 3520; x_wconf 85' lang='lat' dir='ltr'><strong>omnibns</strong></span> <span class='ocrx_word' id='word_1_326' title='bbox 1388 3465 1416 3520; x_wconf 89' lang='lat' dir='ltr'><strong>et</strong></span> <span class='ocrx_word' id='word_1_327' title='bbox 1440 3455 1568 3536; x_wconf 73' lang='lat' dir='ltr'><strong>simpatia</strong></span> <span class='ocrx_word' id='word_1_328' title='bbox 1582 3451 1609 3512; x_wconf 87' lang='lat' dir='ltr'><strong>ia</strong></span> 
     </span>
     <span class='ocr_line' id='line_1_38' title="bbox 372 3537 1612 3624; baseline -0.014 -11"><span class='ocrx_word' id='word_1_329' title='bbox 372 3548 443 3613; x_wconf 57' lang='grc' dir='ltr'><strong>(ιω)</strong></span> <span class='ocrx_word' id='word_1_330' title='bbox 460 3539 668 3602; x_wconf 67' lang='lat' dir='ltr'><strong>necessilatem</strong></span> <span class='ocrx_word' id='word_1_331' title='bbox 688 3538 779 3600; x_wconf 65' lang='lat' dir='ltr'><strong>madii</strong></span> <span class='ocrx_word' id='word_1_332' title='bbox 798 3537 867 3599; x_wconf 78' lang='lat' dir='ltr'><strong>fidei</strong></span> <span class='ocrx_word' id='word_1_333' title='bbox 886 3537 979 3620; x_wconf 72' lang='lat' dir='ltr'><strong>expli·</strong></span> <span class='ocrx_word' id='word_1_334' title='bbox 1016 3551 1096 3605; x_wconf 82' lang='lat' dir='ltr'><strong>stuta</strong></span> <span class='ocrx_word' id='word_1_335' title='bbox 1114 3545 1185 3624; x_wconf 77' lang='lat' dir='ltr'><strong>lepis</strong></span> <span class='ocrx_word' id='word_1_336' title='bbox 1200 3544 1384 3624; x_wconf 73' lang='lat' dir='ltr'><strong>eoarrgrelicoe</strong></span> <span class='ocrx_word' id='word_1_337' title='bbox 1402 3542 1442 3603; x_wconf 86' lang='lat' dir='ltr'><strong>ad</strong></span> <span class='ocrx_word' id='word_1_338' title='bbox 1463 3549 1612 3616; x_wconf 84' lang='lat' dir='ltr'><strong>atramque</strong></span> 
     </span>
     <span class='ocr_line' id='line_1_39' title="bbox 373 3622 1612 3708; baseline -0.006 -22"><span class='ocrx_word' id='word_1_339' title='bbox 373 3624 450 3684; x_wconf 86' lang='lat' dir='ltr'><strong>citae</strong></span> <span class='ocrx_word' id='word_1_340' title='bbox 469 3623 699 3704; x_wconf 87' lang='lat' dir='ltr'><strong>praecipuorum</strong></span> <span class='ocrx_word' id='word_1_341' title='bbox 718 3623 847 3685; x_wconf 90' lang='lat' dir='ltr'><strong>duarum</strong></span> <span class='ocrx_word' id='word_1_342' title='bbox 868 3631 979 3702; x_wconf 73' lang='lat' dir='ltr'><strong>myste-</strong></span> <span class='ocrx_word' id='word_1_343' title='bbox 1017 3628 1141 3690; x_wconf 83' lang='lat' dir='ltr'><strong>salntem</strong></span> <span class='ocrx_word' id='word_1_344' title='bbox 1158 3628 1274 3708; x_wconf 81' lang='lat' dir='ltr'><strong>(nempe</strong></span> <span class='ocrx_word' id='word_1_345' title='bbox 1287 3624 1506 3706; x_wconf 74' lang='lat' dir='ltr'><strong>iustificationis</strong></span> <span class='ocrx_word' id='word_1_346' title='bbox 1521 3633 1547 3685; x_wconf 90' lang='lat' dir='ltr'><strong>et</strong></span> <span class='ocrx_word' id='word_1_347' title='bbox 1558 3622 1612 3702; x_wconf 80' lang='lat' dir='ltr'><strong>plo·</strong></span> 
     </span>
     <span class='ocr_line' id='line_1_40' title="bbox 375 3705 1612 3792; baseline -0.002 -24"><span class='ocrx_word' id='word_1_348' title='bbox 375 3709 501 3786; x_wconf 87' lang='lat' dir='ltr'><strong>riorum,</strong></span> <span class='ocrx_word' id='word_1_349' title='bbox 518 3707 736 3770; x_wconf 85' lang='lat' dir='ltr'><strong>incarnationis</strong></span> <span class='ocrx_word' id='word_1_350' title='bbox 758 3716 788 3769; x_wconf 89' lang='lat' dir='ltr'><strong>ct</strong></span> <span class='ocrx_word' id='word_1_351' title='bbox 808 3705 860 3769; x_wconf 86' lang='lat' dir='ltr'><strong>SS.</strong></span> <span class='ocrx_word' id='word_1_352' title='bbox 880 3705 980 3766; x_wconf 85' lang='lat' dir='ltr'><strong>Trini-</strong></span> <span class='ocrx_word' id='word_1_353' title='bbox 1017 3713 1115 3792; x_wconf 87' lang='lat' dir='ltr'><strong>riuc);</strong></span> <span class='ocrx_word' id='word_1_354' title='bbox 1138 3713 1218 3774; x_wconf 76' lang='lat' dir='ltr'><strong>atride</strong></span> <span class='ocrx_word' id='word_1_355' title='bbox 1242 3712 1334 3774; x_wconf 86' lang='lat' dir='ltr'><strong>etiam</strong></span> <span class='ocrx_word' id='word_1_356' title='bbox 1362 3710 1422 3772; x_wconf 79' lang='lat' dir='ltr'><strong>clici</strong></span> <span class='ocrx_word' id='word_1_357' title='bbox 1441 3717 1537 3789; x_wconf 83' lang='lat' dir='ltr'><strong>potest</strong></span> <span class='ocrx_word' id='word_1_358' title='bbox 1560 3719 1612 3766; x_wconf 84' lang='lat' dir='ltr'><strong>rnr-</strong></span> 
     </span>
    </p>
   </div>
   <div class='ocr_carea' id='block_1_8' title="bbox 377 3909 1614 4112">
    <p class='ocr_par' dir='ltr' id='par_1_10' title="bbox 377 3877 1614 4112">
     <span class='ocr_line' id='line_1_41' title="bbox 410 3909 1348 3984; baseline -0.006 -20"><span class='ocrx_word' id='word_1_359' title='bbox 410 3913 448 3981; x_wconf 84' lang='grc' dir='ltr'><strong>(Ι)</strong></span> <span class='ocrx_word' id='word_1_360' title='bbox 466 3913 506 3982; x_wconf 73' lang='lat' dir='ltr'><strong>Cf.</strong></span> <span class='ocrx_word' id='word_1_361' title='bbox 524 3914 605 3984; x_wconf 82' lang='lat' dir='ltr'><strong>Lugo-</strong></span> <span class='ocrx_word' id='word_1_362' title='bbox 618 3913 688 3983; x_wconf 89' lang='lat' dir='ltr'><strong>disp.</strong></span> <span class='ocrx_word' id='word_1_363' title='bbox 702 3919 744 3978; x_wconf 66' lang='lat' dir='ltr'><strong>li,</strong></span> <span class='ocrx_word' id='word_1_364' title='bbox 757 3923 819 3966; x_wconf 85' lang='lat' dir='ltr'><strong>sect.</strong></span> <span class='ocrx_word' id='word_1_365' title='bbox 838 3915 865 3977; x_wconf 82' lang='grc' dir='ltr'><strong>Ιι,</strong></span> <span class='ocrx_word' id='word_1_366' title='bbox 878 3930 906 3964; x_wconf 84' lang='grc' dir='ltr'><strong>ιι.</strong></span> <span class='ocrx_word' id='word_1_367' title='bbox 920 3918 979 3965; x_wconf 86' lang='lat' dir='ltr'><strong>l0&#39;r.</strong></span> <span class='ocrx_word' id='word_1_368' title='bbox 1053 3911 1091 3976; x_wconf 83' lang='lat' dir='ltr'><strong>(a)</strong></span> <span class='ocrx_word' id='word_1_369' title='bbox 1110 3909 1182 3980; x_wconf 82' lang='lat' dir='ltr'><strong>Disp.</strong></span> <span class='ocrx_word' id='word_1_370' title='bbox 1204 3914 1245 3972; x_wconf 72' lang='lat' dir='ltr'><strong>li,</strong></span> <span class='ocrx_word' id='word_1_371' title='bbox 1265 3927 1291 3960; x_wconf 86' lang='lat' dir='ltr'><strong>u.</strong></span> <span class='ocrx_word' id='word_1_372' title='bbox 1306 3912 1348 3961; x_wconf 81' lang='lat' dir='ltr'><strong>bl.</strong></span> 
     </span>
     <span class='ocr_line' id='line_1_42' title="bbox 410 3971 1612 4050; baseline -0.006 -17"><span class='ocrx_word' id='word_1_373' title='bbox 410 3984 449 4048; x_wconf 73' lang='lat' dir='ltr'><strong>(i)</strong></span> <span class='ocrx_word' id='word_1_374' title='bbox 469 3981 537 4033; x_wconf 84' lang='lat' dir='ltr'><strong>ilaec</strong></span> <span class='ocrx_word' id='word_1_375' title='bbox 553 3999 584 4034; x_wconf 81' lang='lat' dir='ltr'><strong>cx</strong></span> <span class='ocrx_word' id='word_1_376' title='bbox 596 3985 727 4046; x_wconf 73' lang='lat' dir='ltr'><strong>Saamzio,</strong></span> <span class='ocrx_word' id='word_1_377' title='bbox 744 3981 777 4032; x_wconf 91' lang='lat' dir='ltr'><strong>de</strong></span> <span class='ocrx_word' id='word_1_378' title='bbox 795 3982 877 4050; x_wconf 76' lang='lat' dir='ltr'><strong>Lago,</strong></span> <span class='ocrx_word' id='word_1_379' title='bbox 890 3981 981 4033; x_wconf 82' lang='lat' dir='ltr'><strong>Kilbcr</strong></span> <span class='ocrx_word' id='word_1_380' title='bbox 1053 3981 1091 4044; x_wconf 84' lang='lat' dir='ltr'><strong>(t)</strong></span> <span class='ocrx_word' id='word_1_381' title='bbox 1107 3983 1160 4030; x_wconf 80' lang='lat' dir='ltr'><strong>brt.</strong></span> <span class='ocrx_word' id='word_1_382' title='bbox 1179 3985 1194 4030; x_wconf 81' lang='lat' dir='ltr'><strong>b</strong></span> <span class='ocrx_word' id='word_1_383' title='bbox 1213 3982 1240 4028; x_wconf 82' lang='lat' dir='ltr'><strong>ele</strong></span> <span class='ocrx_word' id='word_1_384' title='bbox 1257 3981 1396 4028; x_wconf 75' lang='lat' dir='ltr'><strong>necestitate</strong></span> <span class='ocrx_word' id='word_1_385' title='bbox 1418 3973 1488 4036; x_wconf 71' lang='lat' dir='ltr'><strong>ridel,</strong></span> <span class='ocrx_word' id='word_1_386' title='bbox 1508 3987 1535 4025; x_wconf 90' lang='lat' dir='ltr'><strong>n.</strong></span> <span class='ocrx_word' id='word_1_387' title='bbox 1561 3971 1612 4026; x_wconf 74' lang='lat' dir='ltr'><strong>lib</strong></span> 
     </span>
     <span class='ocr_line' id='line_1_43' title="bbox 377 4038 1614 4112; baseline -0.01 -13"><span class='ocrx_word' id='word_1_388' title='bbox 377 4048 494 4099; x_wconf 74' lang='lat' dir='ltr'><strong>laesit.</strong></span> <span class='ocrx_word' id='word_1_389' title='bbox 1021 4045 1065 4097; x_wconf 89' lang='lat' dir='ltr'><strong>ubi</strong></span> <span class='ocrx_word' id='word_1_390' title='bbox 1084 4047 1187 4097; x_wconf 83' lang='lat' dir='ltr'><strong>statuit:</strong></span> <span class='ocrx_word' id='word_1_391' title='bbox 1210 4065 1221 4090; x_wconf 76' lang='grc' dir='ltr'>ι</span> <span class='ocrx_word' id='word_1_392' title='bbox 1243 4045 1307 4097; x_wconf 86' lang='lat' dir='ltr'><strong>Dico</strong></span> <span class='ocrx_word' id='word_1_393' title='bbox 1325 4049 1361 4106; x_wconf 81' lang='lat'><strong>5,</strong></span> <span class='ocrx_word' id='word_1_394' title='bbox 1390 4059 1472 4112; x_wconf 85' lang='lat' dir='ltr'><strong>acque</strong></span> <span class='ocrx_word' id='word_1_395' title='bbox 1490 4038 1614 4110; x_wconf 81' lang='lat' dir='ltr'><strong>probabile</strong></span> 
     </span>
    </p>
   </div>
   <div class='ocr_carea' id='block_1_9' title="bbox 412 4110 1663 4181">
    <p class='ocr_par' dir='ltr' id='par_1_11' title="bbox 412 4110 1663 4181">
     <span class='ocr_line' id='line_1_44' title="bbox 412 4110 1663 4181; baseline -0.011 -14"><span class='ocrx_word' id='word_1_396' title='bbox 412 4114 450 4181; x_wconf 78' lang='lat'><strong>(5)</strong></span> <span class='ocrx_word' id='word_1_397' title='bbox 469 4114 529 4166; x_wconf 83' lang='lat' dir='ltr'><strong>boc.</strong></span> <span class='ocrx_word' id='word_1_398' title='bbox 548 4115 595 4168; x_wconf 87' lang='lat' dir='ltr'><strong>cil.</strong></span> <span class='ocrx_word' id='word_1_399' title='bbox 662 4115 702 4181; x_wconf 75' lang='lat' dir='ltr'><strong>(bl</strong></span> <span class='ocrx_word' id='word_1_400' title='bbox 715 4114 780 4167; x_wconf 85' lang='lat' dir='ltr'><strong>ibid.</strong></span> <span class='ocrx_word' id='word_1_401' title='bbox 1020 4117 1109 4167; x_wconf 86' lang='lat' dir='ltr'><strong>saltem</strong></span> <span class='ocrx_word' id='word_1_402' title='bbox 1128 4123 1175 4173; x_wconf 87' lang='lat' dir='ltr'><strong>cst,</strong></span> <span class='ocrx_word' id='word_1_403' title='bbox 1193 4129 1240 4164; x_wconf 83' lang='lat' dir='ltr'><strong>troc</strong></span> <span class='ocrx_word' id='word_1_404' title='bbox 1258 4114 1284 4164; x_wconf 90' lang='lat' dir='ltr'><strong>in</strong></span> <span class='ocrx_word' id='word_1_405' title='bbox 1299 4111 1330 4164; x_wconf 87' lang='grc' dir='ltr'><strong>Ν.</strong></span> <span class='ocrx_word' id='word_1_406' title='bbox 1343 4111 1375 4164; x_wconf 83' lang='grc' dir='ltr'><strong>Τ.</strong></span> <span class='ocrx_word' id='word_1_407' title='bbox 1388 4110 1464 4162; x_wconf 83' lang='lat' dir='ltr'><strong>iidem</strong></span> <span class='ocrx_word' id='word_1_408' title='bbox 1477 4110 1613 4176; x_wconf 78' lang='lat' dir='ltr'><strong>explicitura</strong></span> <span class='ocrx_word' id='word_1_409' title='bbox 1662 4171 1663 4178; x_wconf 9' lang='grc' dir='ltr'>ἵ</span> 
     </span>
    </p>
   </div>
   <div class='ocr_carea' id='block_1_10' title="bbox 378 4168 1614 4318">
    <p class='ocr_par' dir='ltr' id='par_1_12' title="bbox 378 4168 1614 4318">
     <span class='ocr_line' id='line_1_45' title="bbox 413 4168 1614 4247; baseline -0.006 -13"><span class='ocrx_word' id='word_1_410' title='bbox 413 4186 451 4246; x_wconf 82' lang='grc'><strong>(5)</strong></span> <span class='ocrx_word' id='word_1_411' title='bbox 470 4182 527 4234; x_wconf 86' lang='lat' dir='ltr'><strong>bib.</strong></span> <span class='ocrx_word' id='word_1_412' title='bbox 552 4189 580 4247; x_wconf 77' lang='lat'><strong>2,</strong></span> <span class='ocrx_word' id='word_1_413' title='bbox 597 4191 675 4234; x_wconf 86' lang='lat' dir='ltr'><strong>tract.</strong></span> <span class='ocrx_word' id='word_1_414' title='bbox 693 4188 720 4233; x_wconf 79' lang='lat' dir='ltr'><strong>cle</strong></span> <span class='ocrx_word' id='word_1_415' title='bbox 736 4187 796 4245; x_wconf 76' lang='lat' dir='ltr'><strong>tine,</strong></span> <span class='ocrx_word' id='word_1_416' title='bbox 816 4199 843 4233; x_wconf 90' lang='grc' dir='ltr'><strong>ιι.</strong></span> <span class='ocrx_word' id='word_1_417' title='bbox 868 4186 895 4244; x_wconf 75' lang='lat'><strong>2,</strong></span> <span class='ocrx_word' id='word_1_418' title='bbox 913 4180 981 4242; x_wconf 90' lang='lat' dir='ltr'><strong>ubi,</strong></span> <span class='ocrx_word' id='word_1_419' title='bbox 1021 4182 1053 4232; x_wconf 87' lang='lat' dir='ltr'><strong>dc</strong></span> <span class='ocrx_word' id='word_1_420' title='bbox 1072 4182 1173 4232; x_wconf 87' lang='lat' dir='ltr'><strong>Christo</strong></span> <span class='ocrx_word' id='word_1_421' title='bbox 1191 4198 1245 4232; x_wconf 83' lang='lat' dir='ltr'><strong>esse</strong></span> <span class='ocrx_word' id='word_1_422' title='bbox 1266 4179 1378 4234; x_wconf 85' lang='lat' dir='ltr'><strong>modium</strong></span> <span class='ocrx_word' id='word_1_423' title='bbox 1397 4179 1568 4230; x_wconf 83' lang='lat' dir='ltr'><strong>trecessarinm</strong></span> <span class='ocrx_word' id='word_1_424' title='bbox 1588 4168 1614 4221; x_wconf 73' lang='lat' dir='ltr'><strong>ad</strong></span> 
     </span>
     <span class='ocr_line' id='line_1_46' title="bbox 378 4242 1614 4318; baseline -0.009 -19"><span class='ocrx_word' id='word_1_425' title='bbox 378 4252 493 4318; x_wconf 80' lang='lat' dir='ltr'><strong>exposita</strong></span> <span class='ocrx_word' id='word_1_426' title='bbox 512 4249 981 4318; x_wconf 80' lang='lat' dir='ltr'><strong>primascnteutiscllirrnante,qnam</strong></span> <span class='ocrx_word' id='word_1_427' title='bbox 1022 4249 1227 4300; x_wconf 76' lang='lat' dir='ltr'><strong>testificationem</strong></span> <span class='ocrx_word' id='word_1_428' title='bbox 1254 4258 1299 4300; x_wconf 87' lang='lat' dir='ltr'><strong>aut</strong></span> <span class='ocrx_word' id='word_1_429' title='bbox 1326 4246 1535 4298; x_wconf 77' lang='lat' dir='ltr'><strong>consecutionem</strong></span> <span class='ocrx_word' id='word_1_430' title='bbox 1557 4242 1614 4293; x_wconf 86' lang='lat' dir='ltr'><strong>salu·</strong></span> 
     </span>
    </p>
   </div>
   <div class='ocr_carea' id='block_1_11' title="bbox 378 4309 1663 4524">
    <p class='ocr_par' dir='ltr' id='par_1_13' title="bbox 378 4309 1663 4524">
     <span class='ocr_line' id='line_1_47' title="bbox 378 4309 1663 4386; baseline -0.009 -17"><span class='ocrx_word' id='word_1_431' title='bbox 378 4318 577 4386; x_wconf 73' lang='lat' dir='ltr'><strong>probabiliorem</strong></span> <span class='ocrx_word' id='word_1_432' title='bbox 601 4327 692 4386; x_wconf 86' lang='lat' dir='ltr'><strong>putat,</strong></span> <span class='ocrx_word' id='word_1_433' title='bbox 716 4319 817 4386; x_wconf 77' lang='lat' dir='ltr'><strong>pergit:</strong></span> <span class='ocrx_word' id='word_1_434' title='bbox 839 4317 981 4368; x_wconf 79' lang='lat' dir='ltr'><strong>«Secunde</strong></span> <span class='ocrx_word' id='word_1_435' title='bbox 1021 4319 1090 4368; x_wconf 69' lang='lat' dir='ltr'><strong>tia·</strong></span> <span class='ocrx_word' id='word_1_436' title='bbox 1112 4315 1176 4368; x_wconf 82' lang='lat' dir='ltr'><strong>Viva</strong></span> <span class='ocrx_word' id='word_1_437' title='bbox 1196 4314 1335 4382; x_wconf 87' lang='lat' dir='ltr'><strong>parilerirt</strong></span> <span class='ocrx_word' id='word_1_438' title='bbox 1355 4331 1459 4382; x_wconf 88' lang='lat' dir='ltr'><strong>propos.</strong></span> <span class='ocrx_word' id='word_1_439' title='bbox 1480 4317 1513 4382; x_wconf 70' lang='lat' dir='ltr'><strong>bb</strong></span> <span class='ocrx_word' id='word_1_440' title='bbox 1532 4309 1615 4362; x_wconf 80' lang='lat' dir='ltr'><strong>abiu·</strong></span> <span class='ocrx_word' id='word_1_441' title='bbox 1662 4355 1663 4358; x_wconf 75' lang='grc'>,</span> 
     </span>
     <span class='ocr_line' id='line_1_48' title="bbox 379 4373 1663 4453; baseline -0.009 -17"><span class='ocrx_word' id='word_1_442' title='bbox 379 4397 465 4438; x_wconf 82' lang='lat' dir='ltr'><strong>arrtcm</strong></span> <span class='ocrx_word' id='word_1_443' title='bbox 489 4388 615 4439; x_wconf 80' lang='lat' dir='ltr'><strong>senleruia</strong></span> <span class='ocrx_word' id='word_1_444' title='bbox 633 4387 694 4437; x_wconf 78' lang='lat' dir='ltr'><strong>satis</strong></span> <span class='ocrx_word' id='word_1_445' title='bbox 716 4385 856 4453; x_wconf 86' lang='lat' dir='ltr'><strong>probabilis</strong></span> <span class='ocrx_word' id='word_1_446' title='bbox 873 4395 981 4446; x_wconf 73' lang='lat' dir='ltr'><strong>correct,</strong></span> <span class='ocrx_word' id='word_1_447' title='bbox 1024 4387 1141 4437; x_wconf 90' lang='lat' dir='ltr'><strong>nocentia</strong></span> <span class='ocrx_word' id='word_1_448' title='bbox 1158 4385 1245 4435; x_wconf 89' lang='lat' dir='ltr'><strong>damn.</strong></span> <span class='ocrx_word' id='word_1_449' title='bbox 1264 4387 1334 4434; x_wconf 85' lang='lat' dir='ltr'><strong>n.lil</strong></span> <span class='ocrx_word' id='word_1_450' title='bbox 1354 4391 1440 4449; x_wconf 88' lang='lat' dir='ltr'><strong>putat,</strong></span> <span class='ocrx_word' id='word_1_451' title='bbox 1458 4381 1615 4446; x_wconf 82' lang='lat' dir='ltr'><strong>posteriorem</strong></span> <span class='ocrx_word' id='word_1_452' title='bbox 1662 4373 1663 4446; x_wconf 49' lang='grc' dir='ltr'>ζ</span> 
     </span>
     <span class='ocr_line' id='line_1_49' title="bbox 380 4447 1663 4524; baseline -0.009 -20"><span class='ocrx_word' id='word_1_453' title='bbox 380 4454 532 4506; x_wconf 76' lang='lat' dir='ltr'><strong>necessitate</strong></span> <span class='ocrx_word' id='word_1_454' title='bbox 558 4455 689 4524; x_wconf 76' lang='lat' dir='ltr'><strong>praecepti</strong></span> <span class='ocrx_word' id='word_1_455' title='bbox 715 4470 804 4504; x_wconf 84' lang='lat' dir='ltr'><strong>orrrncs</strong></span> <span class='ocrx_word' id='word_1_456' title='bbox 822 4454 904 4504; x_wconf 81' lang='lat' dir='ltr'><strong>teneri</strong></span> <span class='ocrx_word' id='word_1_457' title='bbox 928 4469 984 4504; x_wconf 87' lang='lat' dir='ltr'><strong>cre·</strong></span> <span class='ocrx_word' id='word_1_458' title='bbox 1024 4453 1090 4503; x_wconf 89' lang='lat' dir='ltr'><strong>banc</strong></span> <span class='ocrx_word' id='word_1_459' title='bbox 1115 4453 1266 4504; x_wconf 75' lang='lat' dir='ltr'><strong>senitentiam</strong></span> <span class='ocrx_word' id='word_1_460' title='bbox 1295 4467 1377 4516; x_wconf 81' lang='lat' dir='ltr'><strong>aeque</strong></span> <span class='ocrx_word' id='word_1_461' title='bbox 1408 4447 1565 4516; x_wconf 89' lang='lat' dir='ltr'><strong>probabilem</strong></span> <span class='ocrx_word' id='word_1_462' title='bbox 1592 4454 1616 4490; x_wconf 76' lang='lat' dir='ltr'><strong>re</strong></span> <span class='ocrx_word' id='word_1_463' title='bbox 1662 4453 1663 4492; x_wconf 75' lang='grc'><strong>1</strong></span> 
     </span>
    </p>
   </div>
   <div class='ocr_carea' id='block_1_12' title="bbox 379 4517 1663 4590">
    <p class='ocr_par' dir='ltr' id='par_1_14' title="bbox 379 4517 1663 4590">
     <span class='ocr_line' id='line_1_50' title="bbox 379 4517 1663 4590; baseline -0.009 -20"><span class='ocrx_word' id='word_1_464' title='bbox 379 4521 441 4572; x_wconf 78' lang='lat' dir='ltr'><strong>dere</strong></span> <span class='ocrx_word' id='word_1_465' title='bbox 464 4522 527 4574; x_wconf 76' lang='lat' dir='ltr'><strong>baec</strong></span> <span class='ocrx_word' id='word_1_466' title='bbox 551 4524 674 4590; x_wconf 68' lang='lat' dir='ltr'><strong>repeteris</strong></span> <span class='ocrx_word' id='word_1_467' title='bbox 694 4521 839 4589; x_wconf 85' lang='lat' dir='ltr'><strong>explicito,</strong></span> <span class='ocrx_word' id='word_1_468' title='bbox 870 4521 983 4572; x_wconf 85' lang='lat' dir='ltr'><strong>necessi·</strong></span> <span class='ocrx_word' id='word_1_469' title='bbox 1025 4522 1146 4587; x_wconf 87' lang='lat' dir='ltr'><strong>priorem.</strong></span> <span class='ocrx_word' id='word_1_470' title='bbox 1169 4521 1203 4570; x_wconf 83' lang='lat' dir='ltr'><strong>lta</strong></span> <span class='ocrx_word' id='word_1_471' title='bbox 1221 4521 1298 4570; x_wconf 84' lang='lat' dir='ltr'><strong>ctiam</strong></span> <span class='ocrx_word' id='word_1_472' title='bbox 1316 4517 1617 4586; x_wconf 57' lang='lat' dir='ltr'><strong>Laymaunlibdtract.</strong></span> <span class='ocrx_word' id='word_1_473' title='bbox 1662 4549 1663 4576; x_wconf 72' lang='lat'><strong>,</strong></span> 
     </span>
    </p>
   </div>
   <div class='ocr_carea' id='block_1_13' title="bbox 381 4589 1255 4708">
    <p class='ocr_par' dir='ltr' id='par_1_15' title="bbox 381 4589 1255 4708">
     <span class='ocr_line' id='line_1_51' title="bbox 381 4589 1255 4666; baseline 0.001 -29"><span class='ocrx_word' id='word_1_474' title='bbox 381 4597 433 4666; x_wconf 65' lang='lat' dir='ltr'><strong>tate</strong></span> <span class='ocrx_word' id='word_1_475' title='bbox 450 4604 512 4642; x_wconf 82' lang='lat' dir='ltr'><strong>vero</strong></span> <span class='ocrx_word' id='word_1_476' title='bbox 535 4592 613 4644; x_wconf 79' lang='lat' dir='ltr'><strong>medii</strong></span> <span class='ocrx_word' id='word_1_477' title='bbox 637 4589 754 4642; x_wconf 80' lang='lat' dir='ltr'><strong>subicere</strong></span> <span class='ocrx_word' id='word_1_478' title='bbox 771 4589 878 4641; x_wconf 86' lang='lat' dir='ltr'><strong>credere</strong></span> <span class='ocrx_word' id='word_1_479' title='bbox 896 4589 984 4657; x_wconf 87' lang='lat' dir='ltr'><strong>irupli·</strong></span> <span class='ocrx_word' id='word_1_480' title='bbox 1026 4596 1050 4651; x_wconf 86' lang='lat' dir='ltr'><strong>t,</strong></span> <span class='ocrx_word' id='word_1_481' title='bbox 1066 4605 1123 4658; x_wconf 86' lang='lat' dir='ltr'><strong>cap.</strong></span> <span class='ocrx_word' id='word_1_482' title='bbox 1140 4591 1167 4650; x_wconf 88' lang='lat'><strong>8,</strong></span> <span class='ocrx_word' id='word_1_483' title='bbox 1181 4604 1208 4638; x_wconf 89' lang='lat' dir='ltr'><strong>u.</strong></span> <span class='ocrx_word' id='word_1_484' title='bbox 1229 4594 1255 4638; x_wconf 85' lang='lat' dir='ltr'><strong>l.</strong></span> 
     </span>
     <span class='ocr_line' id='line_1_52' title="bbox 381 4667 469 4708; baseline -0.023 -2"><span class='ocrx_word' id='word_1_485' title='bbox 381 4667 443 4708; x_wconf 74' lang='lat' dir='ltr'><strong>elle.</strong></span> <span class='ocrx_word' id='word_1_486' title='bbox 457 4678 469 4704; x_wconf 78' lang='grc' dir='ltr'>ι</span> 
     </span>
    </p>
   </div>
   <div class='ocr_carea' id='block_1_14' title="bbox 0 0 1899 5659">
    <p class='ocr_par' dir='ltr' id='par_1_16' title="bbox 0 0 1899 5659">
     <span class='ocr_line' id='line_1_53' title="bbox 0 0 1899 5659; baseline 0 0"><span class='ocrx_word' id='word_1_487' title='bbox 0 0 1899 5659; x_wconf 95' lang='lat' dir='ltr'><strong> </strong></span> 
     </span>
    </p>
   </div>
  </div>
 </body>
</html>
