3700 5659
758 587 852 633 carun
868 589 908 633 nt.
1378 575 1415 637 'li

195 687 370 769 explicitae
388 685 418 747 in
445 683 539 747 lleurn
558 682 838 746 remuneratorem!
858 681 946 745 turali
966 684 1135 760 cognitione
1163 685 1257 749 Derim
1278 687 1459 764 glorificare,

198 785 234 835 et
252 779 478 854 reparatorem.
858 767 992 849 loquitur
1006 769 1042 830 de
1061 769 1111 832 itta
1132 771 1360 848 glorificatione,
1381 791 1461 852 qnae

858 853 973 932 exurgit
991 871 1025 914 en
1047 854 1240 934 consessione¹
1261 863 1291 916 et
1319 857 1401 917 cultu
1418 877 1460 928 u-

800 935 803 943 '
858 935 927 997 nius
945 935 1006 998 veri
1026 937 1089 1015 llei,
1107 955 1184 1020 qnae
1202 957 1256 1020 per
1273 957 1305 1000 se
1325 959 1382 1001 non
1398 943 1461 1001 sut·

247 1022 330 1085 304.
351 1020 376 1083 l.
396 1019 465 1082 obt.
493 1019 643 1082 Aduersus
672 1037 758 1100 prop.
786 1017 815 1080 l.
858 1019 919 1080 ticit
949 1020 982 1081 sd
1001 1019 1264 1099 iustificationem,
1290 1023 1341 1084 sed
1361 1025 1459 1086 solum

200 1104 479 1187 Apostolos-Rom.
509 1103 533 1179 l,
558 1104 610 1179 il,
631 1103 667 1165 de
686 1101 818 1182 antiquis
858 1102 895 1164 ad
907 1105 1120 1167 remanendum
1137 1106 1253 1168 obicem
1266 1106 1378 1184 gratiae
1395 1107 1458 1184 llei,

202 1189 405 1271 pbilosophis
426 1187 548 1249 scribit:
571 1187 645 1250 Grata
664 1187 822 1272 ropnoris7
858 1207 918 1268 qna
932 1188 1057 1270 positive
1072 1209 1103 1251 se
1118 1190 1311 1253 reddiderunt
1324 1190 1461 1270 indignos

203 1283 272 1336 aral
291 1277 403 1348 motai,
422 1291 482 1334 noa
499 1273 575 1334 simet
594 1271 686 1334 Deum
704 1272 818 1352 qiorifi'·
859 1281 1039 1354 perturpem
1059 1273 1272 1354 idololatriam,
1289 1295 1378 1356 qnam
1394 1294 1461 1358 pro·

200 1365 381 1434 corcram,
413 1365 467 1418 ortt
495 1357 609 1435 pratia:
628 1365 768 1437 operatam
789 1363 818 1415 et
858 1356 1083 1440 sessisunt(b).
1410 1403 1412 1407 ,

201 1442 340 1518 ibidem,
361 1457 394 1517 n,
415 1442 472 1503 to:
495 1441 610 1515 Gloria,
630 1440 773 1510 etboanr,
791 1447 818 1500 et
901 1441 974 1503 306.
1000 1439 1075 1510 llum
1094 1457 1163 1502 vero
1182 1439 1303 1504 subdit:
1331 1441 1460 1518 Gentes,

197 1545 280 1605 aaa,
304 1526 392 1587 mani
407 1525 543 1604 operanti
560 1525 669 1586 branam
678 1545 691 1596 ;
710 1531 739 1583 et
758 1523 817 1584 ite·
858 1542 933 1603 prae
963 1525 1053 1606 lapan
1071 1543 1133 1587 noa
1167 1525 1295 1604 babent,
1318 1525 1349 1587 id
1368 1546 1460 1589 unum

204 1629 275 1671 rom
301 1611 363 1672 ll:
396 1610 519 1684 Gentes,
541 1623 615 1687 qnae
638 1609 729 1688 iopam
758 1625 819 1667 rann
858 1608 998 1684 adstruit,
1022 1607 1142 1684 Gentes,
1163 1609 1279 1691 siquid
1299 1609 1462 1692 boniope-

205 1697 348 1767 bnberrt,
378 1694 564 1755 animaliter
591 1710 625 1753 ea
656 1709 730 1771 qnae
747 1691 820 1767 lepis
859 1702 941 1754 ratae
961 1696 1085 1756 suntad
1111 1693 1185 1760 lenis
1206 1695 1352 1756 naturalis
1374 1714 1463 1776 prae·

201 1787 294 1856 sirm,
327 1778 464 1858 sudarat,
486 1776 651 1854 adiungens
674 1775 732 1836 ta:
762 1777 819 1840 ib-
858 1777 1015 1858 scriptum,
1035 1779 1164 1840 naturali
1184 1777 1296 1840 lumine
1315 1777 1344 1838 id
1369 1798 1462 1862 prae·

204 1861 659 1942 atoreslepisinstificabaatnr.
673 1859 751 1937 llrgo
768 1879 819 1920 na·
858 1860 983 1938 stitisse,
1004 1879 1040 1922 eo
1069 1859 1150 1942 quod
1168 1861 1247 1924 Deus
1269 1861 1299 1923 in
1327 1862 1460 1942 ipsorum

208 1946 324 2008 taralis
351 1945 403 2007 llei
433 1943 564 2023 cognitio
594 1942 747 2005 subiciens
774 1952 819 2006 est
858 1943 999 2006 cordibus
1029 1945 1123 2019 legem
1160 1945 1242 2008 illam
1283 1946 1459 2026 scripserit3

206 2051 270 2092 cntra
290 2049 364 2090 curn
380 2029 525 2090 naturalis
538 2027 613 2106 legis
632 2028 818 2089 observatio·
859 2027 939 2109 qnod
957 2037 1021 2090 erat
1036 2027 1081 2089 itti
1101 2029 1299 2112 propositum.
1322 2029 1461 2092 Ceterum

208 2135 247 2175 ne
260 2115 303 2175 ad
319 2113 477 2189 iustitiam,
489 2112 625 2192 adeoque
640 2111 676 2172 atl
690 2112 817 2172 salntem
859 2131 913 2173 nec
923 2113 1031 2174 asserit
1045 2113 1217 2193 Apostolus
1234 2111 1344 2176 Gentes
1360 2115 1462 2176 omnia

205 2198 448 2278 assequendam.
483 2196 516 2258 2.
550 2195 654 2258 Patres
688 2195 817 2276 idipsum
858 2195 933 2276 legis
962 2197 1106 2258 naturalis
1138 2197 1276 2260 mandata
1306 2215 1459 2274 servasse,

208 2284 346 2356 docent:
367 2282 411 2343 sic
429 2299 455 2342 s.
479 2279 611 2342 lustinus
638 2278 676 2340 ll.
698 2281 816 2360 apolog.
860 2281 954 2343 multo
972 2301 1041 2342 vero
1069 2281 1191 2360 minus,
1226 2283 1282 2344 bac
1310 2281 1459 2344 derauso

212 2366 235 2442 l,
255 2387 289 2427 n.
320 2365 383 2441 lb,
404 2373 506 2446 aperte
533 2363 654 2426 scribit:
677 2364 736 2438 Oroi
751 2381 819 2426 cttm
859 2365 1034 2428 institicatas
1060 2363 1163 2426 luisse.

212 2453 336 2513 ratione
349 2451 510 2525 ttiaerimt,
541 2447 703 2512 cbristinni
720 2455 817 2524 attint,
903 2449 976 2512 307.
996 2449 1159 2511 Postremis
1182 2449 1298 2512 verbis:
1325 2453 1463 2516 Factorrs

210 2536 335 2596 etiamsi
348 2535 429 2597 albai
445 2533 613 2596 caiatimoti
628 2533 708 2605 siat,·
722 2532 821 2610 quales
860 2533 932 2612 lepis
950 2533 1209 2614 molificabantur,
1232 2553 1283 2596 eas
1303 2535 1460 2613 designat,

211 2621 296 2697 apud
312 2635 436 2700 praecor
452 2618 538 2697 ittera
556 2619 693 2697 Socrates
714 2623 740 2677 at
759 2618 818 2678 Hc·
861 2618 913 2698 qui
929 2617 1023 2696 legem
1042 2618 1209 2680 nniversam
1231 2619 1389 2680 observant
1404 2619 1465 2700 spi-

216 2704 365 2775 rorlittts;
389 2703 470 2782 apud
499 2702 641 2765 barbaros
658 2707 756 2762 arrian
775 2701 820 2762 A·
861 2703 920 2763 ritu
936 2702 1016 2779 fidei,
1037 2701 1073 2762 ad
1094 2701 1253 2764 discrimen
1273 2721 1389 2782 eorum,
1411 2704 1462 2785 qni

217 2788 354 2865 orabam,
376 2786 526 2862 Abarnias,
545 2786 697 2861 zizanias,
718 2784 823 2849 Misaii
861 2786 955 2863 legem
990 2783 1130 2848 babuisse
1160 2785 1365 2864 gloriabantur
1387 2787 1463 2848 scri·

222 2871 486 2946 etEiias;t‘.lern.
507 2871 590 2932 Alex.
622 2868 681 2930 tib.
705 2870 718 2929 l
741 2875 820 2930 stro·
861 2880 967 2950 ptam,
1006 2889 1096 2950 quana
1131 2878 1231 2932 tamen
1265 2890 1324 2930 non
1361 2887 1463 2932 serva-

230 2965 357 3017 rnatum:
380 2957 447 3035 ipsa
463 2971 576 3034 qoioqrte
594 2951 821 3034 (pbilosopbia)
862 2954 933 3015 bant
949 2953 1009 3034 (b).
1096 3031 1097 3036 ἵ

220 3039 334 3117 scribit,
354 3038 654 3119 Grocrospaedapopi
670 3039 821 3099 maredo·
904 3039 978 3101 308.
992 3037 1036 3098 Ad
1052 3037 1082 3098 ἓ.
1105 3039 1140 3101 D.
1155 3035 1185 3099 S.
1209 3035 1340 3100 lustinus
1360 3048 1390 3100 et
1402 3037 1466 3100 Cle-

219 3124 311 3200 arbat,
330 3123 409 3185 airttt
438 3123 486 3184 lca
510 3124 656 3185 tteoroeos
675 3123 714 3182 ad
730 3120 821 3183 ctrt-
862 3121 1039 3184 mensblen.
1058 3129 1226 3202 senserunt,
1247 3123 1387 3204 antiquos
1400 3123 1465 3204 pbi-

217 3206 380 3286 stnor(l),
416 3215 446 3268 et
472 3206 582 3268 ibidem
616 3205 704 3288 paulo
735 3214 820 3285 post:
862 3207 1026 3289 losopbos,
1061 3206 1205 3290 quidquid
1238 3206 1320 3268 iuxta
1352 3216 1463 3270 rectam

218 3291 407 3370 ortamquam
419 3307 473 3371 per
488 3310 519 3352 se
532 3307 645 3370 quoqne
662 3291 823 3368 aliqnando
862 3290 1008 3352 rationem
1027 3292 1064 3354 de
1090 3291 1150 3353 Deo
1177 3291 1327 3369 docuere,
1348 3290 1465 3354 Christo

218 3375 347 3437 Graecos
363 3375 544 3456 irtstifirabat
559 3373 819 3455 pitinanatium).
862 3394 915 3436 sen
935 3373 1046 3452 Verbo,
1067 3376 1147 3457 quod
1166 3375 1227 3437 illis
1246 3377 1346 3436 lumen
1366 3373 1464 3437 ratio-

219 3456 363 3534 Origenes
383 3467 546 3520 comment.
564 3459 595 3520 in
615 3459 771 3541 epistolam
785 3456 823 3518 ad
862 3459 909 3520 nis
929 3459 1065 3537 contulit,
1087 3461 1117 3521 in
1136 3459 1265 3542 acceptis
1285 3459 1396 3521 referre
1411 3459 1466 3520 de-

217 3540 307 3602 Rom.
332 3541 451 3604 ludaeis
472 3549 502 3604 et
533 3541 699 3619 Gentibus,
733 3541 823 3602 utris·
864 3544 977 3620 buisse,
998 3543 1467 3624 ideaquelatobocsensutuis-

213 3645 277 3704 qne
295 3626 430 3688 nondum
455 3625 662 3702 credentibus,
694 3627 821 3688 salutem
862 3646 895 3688 se
914 3627 1113 3706 christianos,
1144 3629 1201 3703 G.;
1236 3625 1272 3687 de
1294 3626 1464 3706 adeptanel

214 3709 324 3772 tribuit
342 3710 409 3791 (3);
432 3710 560 3792 idipsum
580 3710 674 3782 sensit
688 3727 714 3770 s.
734 3709 821 3769 loan-
862 3730 921 3772 non
941 3711 1047 3792 adepta
1064 3709 1276 3772 iustificatione
1294 3719 1324 3771 et
1345 3711 1464 3786 salute,

215 3812 270 3854 nes
300 3795 503 3856 llamascenns
519 3794 589 3876 (l),
610 3793 723 3876 aliique
743 3793 823 3855 baud
862 3795 898 3857 de
915 3813 974 3876 qua
991 3813 1049 3856 non
1068 3795 1284 3871 disseruerunt,
1303 3795 1468 3856 suntlocn·

215 3879 317 3956 pauci.
337 3878 428 3958 Ergo.
864 3879 896 3952 ti,
916 3881 955 3943 N.
977 3879 1085 3960 ltaque
1100 3879 1136 3942 de
1155 3879 1211 3940 boc
1231 3887 1406 3955 argumento
1429 3898 1466 3940 ne

259 3963 335 4024 305.
356 3961 446 4044 llesp.
463 3956 635 4042 Napaeas.
647 3961 751 4043 Neque
771 3960 824 4022 ob·
861 3963 985 4026 verbum
1004 3963 1124 4044 quidem
1146 3963 1345 4045 protulerunt.
1364 3959 1465 4034 Quor·

216 4044 293 4106 iecta
307 4047 442 4128 Apostoli
455 4045 545 4108 rerba
557 4047 739 4108 eontrarium
755 4065 824 4107 sua·
861 4067 928 4109 snm
949 4048 1027 4110 enim
1044 4047 1075 4110 id
1094 4048 1246 4126 fecissent,
1266 4046 1292 4110 si
1312 4045 1366 4113 loti
1386 4046 1416 4110 in
1430 4065 1466 4110 eo

215 4130 301 4190 (lent.
322 4129 396 4192 Nam
428 4130 500 4192 dnm
528 4131 592 4212 ipse
610 4131 748 4205 affirmat,
769 4149 822 4190 ne·
862 4140 969 4208 eraut,
991 4139 1024 4194 nt
1039 4133 1242 4206 ostenderent,
1264 4129 1345 4212 quod
1364 4129 1469 4194 aVer·

217 4222 296 4276 teres
316 4214 468 4295 sapientes
487 4213 673 4296 potuisssent
698 4214 751 4278 Ilei
771 4233 823 4276 na·
862 4215 913 4293 bo,
931 4216 1120 4278 illuminante
1128 4234 1181 4298 per
1193 4223 1303 4276 rectam
1320 4214 1466 4278 rationem

250 4330 288 4394 μ)
319 4329 382 4398 qq,
409 4335 488 4395 232„
512 4329 555 4383 ,p
582 4330 705 4399 sytbuogt
729 4320 838 4382 «010ῃρ
861 4319 981 4362 omnem
998 4299 1329 4363 botninemvenientem
1343 4298 1373 4359 in
1388 4299 1467 4361 bunc

216 4400 321 4492 tras,
862 4385 1020 4478 mnndum,
1040 4383 1071 4445 id
1099 4381 1197 4465 adepti
1229 4383 1368 4446 luerint?
1390 4381 1465 4446 Dum

252 4468 289 4597 gi
302 4463 456 4586 bil÷.t5.'a⁷d.
475 4531 507 4582 dc
525 4531 548 4581 lo
562 4532 628 4594 lino,
641 4544 702 4600 opp.
717 4539 779 4584 torn.
794 4537 820 4584 t.
895 4531 934 4598 (o)
954 4531 994 4583 Cf.
1014 4531 1112 4584 llstiura
1130 4539 1155 4583 et
1180 4529 1306 4584 bernard.
1329 4546 1342 4579 a
1361 4529 1471 4584 Piconio

255 4602 293 4665 (t)
312 4602 340 4650 ln
359 4601 475 4651 oratione
496 4601 532 4651 ile
549 4605 579 4649 iia
597 4606 640 4662 qni
658 4606 682 4649 in
700 4603 744 4662 pala
763 4605 821 4650 olor-
862 4603 888 4653 in
902 4601 1031 4652 buncloc.

218 4669 334 4730 coierant,
352 4685 377 4720 c.
405 4674 447 4732 ta,
476 4684 538 4736 opp.
567 4669 630 4720 odit.
654 4667 688 4720 Le
712 4670 820 4734 Qtrien,
895 4670 934 4736 (6)
948 4669 988 4719 Ci.
1003 4667 1069 4736 qn'ae
1082 4663 1115 4716 de
1132 4664 1172 4716 bis
1186 4663 1337 4732 scripsimus
1350 4663 1375 4716 in
1389 4673 1468 4720 treet.

218 4738 280 4783 lom.
297 4740 321 4788 t.
864 4738 899 4787 Dc
910 4741 1003 4801 qratia,
1022 4743 1088 4804 quoni.
1104 4739 1129 4798 t,
1142 4749 1199 4802 cap.
1217 4737 1245 4797 2,
1262 4749 1337 4802 prop.
1353 4735 1378 4784 2.

404 918 631 968 Diffi-ulmea·
