3700 5659
394 522 437 587 bl
532 537 543 555 ·
916 529 955 573 ue
971 526 1039 574 erue

358 633 389 694 di
415 638 500 693 actus
517 625 616 706 dd'ei,
639 625 678 688 de
709 643 745 688 eo
764 631 877 687 teutmu
896 620 961 684 dis·
1002 621 1143 704 obligatio
1158 629 1255 700 urgct,
1276 641 1322 685 ex.
1343 639 1389 700 gr.
1413 641 1483 687 cum
1504 645 1602 689 neces-

355 715 499 779 serimus.
514 711 592 774 Sane
606 727 676 773 cum
694 711 751 771 boc
763 715 961 791 ‘praeceptum
1002 707 1073 770 situs
1091 707 1241 770 incumbit
1259 705 1398 770 eliciendi
1412 718 1515 772 actum
1531 731 1599 772 con-

356 808 462 882 utpote
479 795 639 879 positivum
655 794 769 871 obliget
797 793 895 855 sulum
924 789 963 854 ad
1002 791 1156 870 tritionis,
1180 801 1233 853 cut
1260 791 1355 854 Deum
1387 797 1602 876 superomnia

356 899 489 965 semper,
510 888 544 942 ut
573 880 740 962 loquuntur
768 877 913 952 subolae,
934 883 964 936 et
1002 875 1156 953 diligendi3
1170 893 1248 956 quae
1266 875 1332 938 siue
1351 875 1420 940 lidei
1438 883 1509 940 actu
1524 897 1606 960 prae·

357 984 487 1048 nonpro
515 981 657 1046 semper,
683 979 741 1023 uec
761 959 961 1037 determinet,
1002 960 1075 1022 stari
1094 967 1259 1042 nequeunt.
1280 957 1361 1022 idem
1380 961 1440 1040 dic,
1461 981 1533 1023 cum
1546 964 1606 1023 riu·

359 1050 551 1133 quandonoru
572 1046 729 1128 sub'gmui
753 1045 888 1123 obliget,
909 1061 963 1105 ex·
1002 1044 1113 1106 cendae
1138 1054 1208 1107 sunt
1226 1045 1405 1108 tentationes
1421 1063 1552 1123 graves,
1572 1048 1604 1108 ad

358 1135 431 1198 inde
444 1134 556 1196 iactum
571 1141 629 1209 cst,
643 1131 718 1193 utin
734 1131 836 1213 plures
852 1127 966 1189 discre-
1004 1148 1079 1210 quas
1093 1129 1279 1211 superandas
1297 1129 1328 1190 in
1348 1129 1521 1192 subsidium
1537 1131 1607 1192 tides

359 1228 464 1302 pantes
481 1217 645 1280 sententias
662 1213 793 1291 theologi
809 1212 962 1289 abierint,
1004 1213 1155 1276 evocando
1172 1221 1228 1291 est,
1245 1213 1328 1276 iuxta
1346 1213 1420 1276 illud
1436 1213 1460 1277 l.
1475 1214 1559 1277 Petri
1577 1233 1605 1292 r,

360 1302 471 1377 etalii,
491 1308 524 1364 ut
540 1301 584 1379 sut,
606 1317 661 1382 per
676 1315 844 1374 excessum,
863 1306 894 1358 et
912 1295 965 1358 alii
1005 1300 1035 1360 9:
1058 1298 1118 1362 Coi
1137 1299 1264 1361 resistite
1293 1299 1387 1379 (ortes
1403 1299 1437 1360 io
1465 1299 1527 1379 fide
1536 1323 1551 1376 ;
1568 1299 1609 1360 sic

307 1435 311 1441 .
360 1404 416 1471 per
434 1386 583 1448 deiectum
600 1382 677 1466 lapsi
703 1398 771 1446 esse
793 1380 962 1442 uideantur.
1005 1381 1113 1458 etiam,
1131 1397 1200 1444 cum
1219 1381 1421 1444 accedendum
1442 1391 1489 1446 est
1507 1383 1547 1446 ad
1560 1402 1611 1444 sa·

405 1470 479 1534 aab.
493 1469 537 1531 lld
546 1468 672 1550 primam
681 1467 809 1528 classem
817 1472 964 1546 spectant,
1005 1473 1159 1529 eramenta
1170 1465 1361 1547 suscipienda
1371 1465 1473 1529 debita
1486 1485 1556 1530 cum
1569 1467 1613 1528 di·

364 1555 419 1637 qoi
439 1560 586 1630 censent,
611 1551 745 1628 obligare
763 1551 820 1612 boc
841 1565 985 1631 praece-⁸
1007 1549 1176 1631 spositioue
1189 1559 1219 1612 et
1234 1549 1345 1628 fructu,
1365 1559 1429 1628 aut,
1446 1569 1518 1613 cnm
1534 1551 1614 1614 Deus

364 1647 451 1722 ptum
466 1637 553 1699 iustis
563 1635 672 1698 diebus
684 1635 746 1715 (l),
761 1635 833 1698 item
847 1632 902 1714 qul
915 1649 970 1695 au·
1009 1634 1139 1699 urarrdus
1152 1641 1207 1712 est,
1226 1634 1376 1696 fundendo
1385 1653 1491 1718 preces
1508 1655 1614 1714 magua

366 1730 494 1799 tumaut,
512 1721 620 1784 sellom
638 1719 774 1797 obtigere
788 1718 820 1780 iu
838 1715 972 1779 celebri·
1008 1718 1119 1782 dducia
1132 1737 1167 1781 ac
1184 1718 1360 1796 devotione,
1380 1719 1461 1800 quod
1479 1721 1614 1801 prolecto

367 1816 429 1869 tote
445 1805 669 1886 mysteriorum,
689 1821 770 1883 quae
793 1802 824 1864 iu
843 1800 971 1863 ecelesia
1010 1803 1126 1884 absque
1158 1803 1278 1884 praedo
1297 1803 1423 1866 excitato
1443 1804 1515 1866 lidei
1548 1815 1615 1866 actu

366 1890 432 1953 iieri
449 1889 601 1951 consuerit
614 1887 676 1969 (2).
690 1886 836 1967 liquidem
853 1885 884 1946 id
901 1901 973 1946 con·
1011 1887 1168 1969 adimpleri
1181 1905 1239 1948 nou
1249 1896 1358 1968 potest.
1371 1887 1617 1964 Ouomoduirtou

368 1974 527 2038 sulendum
553 1982 619 2049 est,
640 1981 674 2033 ut
694 1971 774 2048 linis,
791 1970 845 2052 qui
866 1969 905 2031 ab
919 1987 972 2032 oc·
1011 1975 1131 2050 cabant,
1145 1971 1295 2034 scribebat
1308 1973 1472 2052 apostolus,
1488 1974 1523 2035 iu
1534 1989 1616 2052 qoem

368 2059 461 2122 clesia
478 2057 664 2134 intenditur,
684 2055 879 2128 obtineatur3
898 2062 975 2116 atte-
1012 2075 1074 2119 ιιοιι
1091 2057 1399 2137 crediderunt(3)‘lllt
1410 2055 1452 2118 ita
1467 2075 1571 2138 porro.
1583 2056 1615 2116 ln

369 2162 439 2205 meu
457 2143 494 2204 de
516 2149 675 2224 praecepto
694 2139 817 2220 speciali
835 2155 896 2200 non
913 2145 972 2200 est.
1013 2141 1060 2203 his
1072 2141 1174 2221 itaque
1185 2140 1396 2222 similibusque
1411 2140 1534 2204 casibus
1547 2141 1617 2202 fides

371 2228 416 2290 nd
430 2228 555 2288 alteram
575 2226 701 2286 classem
717 2225 900 2300 referuntur,
922 2221 976 2303 qui
1015 2225 1170 2288 excitanda
1194 2233 1264 2302 est;
1285 2243 1400 2304 rerum,
1417 2231 1450 2287 ut
1468 2233 1568 2306 patet,
1588 2225 1617 2285 id

371 2311 563 2388 existimant,
584 2307 733 2370 eiusmodi
763 2305 975 2384 obligationem
1016 2311 1047 2371 fit
1065 2327 1119 2390 per
1149 2308 1313 2386 accidens,
1333 2327 1387 2372 seu
1409 2309 1440 2370 in
1459 2319 1618 2390 praecepto

373 2396 459 2457 nullo
479 2393 677 2455 determinato
690 2400 824 2472 tempore
851 2407 976 2468 urgere,
1016 2393 1161 2472 caritatis,
1181 2393 1381 2471 contritionis,
1402 2393 1468 2476 spei
1481 2393 1619 2456 alterius-

373 2487 466 2559 atque
484 2477 514 2538 id
526 2475 657 2556 relinqui
675 2474 913 2554 uniuscuiusque
927 2491 978 2534 ar·
1016 2497 1051 2540 ve
1080 2478 1219 2554 virtutis,
1241 2496 1301 2539 non
1318 2486 1420 2540 autem
1445 2495 1480 2539 cx
1501 2477 1618 2540 formali

376 2562 489 2639 bitrio;
510 2570 573 2622 tum
602 2559 718 2637 etiam,
743 2558 795 2638 qni
821 2557 895 2619 satis
912 2575 979 2619 esse
1017 2561 1087 2625 ildei
1103 2570 1273 2644 praecepto.

377 2647 464 2709 aiunt
475 2641 783 2720 adbuic-obligationi
796 2641 981 2704 satisfacien·
1062 2648 1135 2709 387.
1155 2644 1186 2708 Si
1204 2645 1295 2724 igitur
1312 2660 1412 2711 sermo
1430 2644 1469 2708 sit
1488 2645 1526 2710 de
1545 2653 1620 2708 tem-

377 2731 473 2809 dum,
498 2727 636 2792 sisemel
658 2728 763 2790 saltem
784 2727 814 2788 iu
833 2726 894 2787 vita
910 2725 981 2788 tidei
1020 2749 1104 2813 pore,
1127 2747 1187 2812 quo
1206 2729 1355 2812 quispiam
1375 2729 1571 2808 adstringitur
1587 2729 1622 2791 ad

378 2823 447 2878 actu
475 2814 625 2876 eliciatur:
646 2812 708 2874 imo
727 2830 781 2873 nec
801 2811 979 2888 defuerunt,
1021 2815 1201 2879 eliciendum
1223 2814 1293 2876 fidei
1312 2821 1411 2876 actum
1432 2833 1490 2896 per
1512 2832 1542 2878 se
1571 2833 1622 2875 seu

378 2900 432 2981 qui
452 2897 643 2975 negaverint,
664 2904 763 2959 actum
782 2895 852 2956 tidoi
874 2894 982 2956 cadere
1021 2900 1048 2962 ri
1069 2899 1163 2981 ipsius
1195 2898 1345 2981 praecepti
1365 2899 1498 2960 formalis
1528 2899 1621 2969 fidei,

377 2983 437 3046 sub
455 2990 614 3064 praecepto
640 2980 774 3062 speciali.
801 2977 845 3042 tt
863 2988 982 3041 utrum·
1021 2985 1107 3047 valde
1125 2984 1245 3046 difficile
1267 2993 1312 3045 est
1330 2983 1405 3045 illud
1423 2983 1624 3044 determinare

379 3086 440 3148 que
472 3068 629 3146 scopulum
662 3064 873 3126 declinandum
899 3062 983 3124 iusc-
1024 3087 1058 3132 ac
1094 3069 1213 3146 figere,
1248 3085 1284 3129 eo
1319 3066 1384 3148 ipso
1420 3067 1501 3148 quod
1534 3068 1622 3129 linurin

380 3169 479 3232 quens
496 3168 515 3212 a
532 3149 621 3210 uobis
643 3149 786 3211 statuitur
975 3221 977 3226 ¹
1024 3153 1066 3215 nil
1092 3151 1325 3233 praescribatur.
1349 3149 1471 3214 interim
1489 3170 1623 3212 normam

1025 3235 1174 3320 quandam
1188 3236 1275 3300 nobis
1289 3235 1433 3300 exhibent
1450 3237 1552 3298 theses
1572 3236 1625 3296 bac

595 3313 772 3362 9¹¹⁰P⁰⁵¹T¹⁰
1025 3339 1163 3404 superne
1185 3321 1316 3384 consonae
1336 3340 1353 3382 a
1375 3319 1508 3382 romanis
1525 3319 1625 3400 ponti·

426 3404 517 3460 ΛΜ
534 3419 616 3488 ’,Μ
633 3409 743 3485 enetos
766 3408 799 3454 ’ὓ
814 3407 943 3456 artemam
980 3381 997 3426 '⁸'
1025 3407 1134 3469 ilcibus
1148 3405 1314 3468 Alexandro
1336 3403 1388 3467 Vll
1406 3414 1435 3467 et
1453 3403 1626 3466 innocentio

535 3476 860 3536 immeMMa·
1025 3489 1075 3552 ss

427 3588 501 3650 385.
516 3585 754 3662 -Praernittimns,
775 3583 923 3666 duplicem
944 3582 990 3645 di·
1069 3573 1144 3638 Sunt
1157 3582 1257 3636 autem
1276 3591 1361 3655 prop.
1383 3573 1412 3634 l.
1430 3571 1508 3634 inter
1523 3583 1628 3654 propo-

383 3671 594 3751 stiugucndam
612 3689 680 3733 esse
702 3669 910 3731 necessitatem
930 3667 989 3730 eli·
1006 3645 1009 3728 l
1028 3640 1152 3722 sidones
1187 3658 1225 3720 ab
1259 3655 1624 3754 Alexandrudamnatas:

386 3756 485 3818 ciendi
502 3764 600 3818 actum
616 3754 703 3816 fidei:
723 3748 818 3816 altera
832 3763 878 3816 est
888 3769 944 3834 per
960 3770 990 3816 sc
1028 3743 1122 3808 Horae
1140 3743 1222 3806 orello
1254 3759 1386 3822 coquom
1412 3749 1490 3836 vitoe
1504 3749 1628 3835 tempore

385 3860 439 3903 seu
459 3841 576 3902 ratione
605 3839 764 3920 ipsiusmet
780 3835 875 3908 iidei:
895 3837 991 3900 altera
1029 3837 1147 3894 terretur
1164 3827 1267 3890 elicere
1294 3835 1395 3890 actum
1411 3826 1493 3906 fidet,
1522 3842 1584 3902 sper
1601 3831 1626 3883 et

388 3943 458 3985 vero
472 3943 529 4003 per
543 3925 676 3988 occidens
692 3941 747 3985 seu
773 3919 891 3984 ratione
912 3921 991 3983 alte-
1030 3912 1164 3975 caritatis
1182 3929 1219 3973 ee
1235 3911 1265 3972 oi
1278 3919 1501 3989 praeceptorum
1518 3908 1629 3970 divino

389 4007 455 4067 rius
474 4007 636 4088 praecepti.
1031 4013 1102 4059 rum
1119 3997 1158 4058 od
1181 4013 1229 4057 eos
1249 3994 1375 4056 oirttttea
1389 3993 1626 4073 pertinentium,

432 4091 505 4152 386.
523 4091 567 4152 lle
590 4085 767 4152 necessitate
795 4085 935 4150 eliciendi
956 4105 993 4150 a·
1033 4077 1196 4162 propositio
1218 4077 1289 4140 item
1320 4095 1365 4142 nvi
1390 4077 1469 4139 inter
1485 4075 1629 4138 innocen·

389 4181 456 4236 ctus
468 4173 537 4236 [idei
547 4192 602 4255 per
614 4175 757 4249 credens,
772 4190 860 4233 nemo
870 4181 927 4248 est,
941 4169 994 4251 qui
1033 4165 1128 4228 tianus
1147 4182 1154 4224 :
1174 4163 1262 4228 Fides
1290 4179 1351 4225 uon
1372 4170 1508 4224 celaretur
1531 4161 1629 4222 cudere

390 4255 545 4335 ambigat,
567 4257 688 4338 saepius
705 4257 824 4318 fidelem
844 4255 940 4317 teneri
958 4253 995 4316 ad
1032 4251 1087 4312 cub
1095 4256 1285 4329 pracceptum
1299 4247 1420 4326 speciale
1431 4255 1456 4308 et
1471 4246 1627 4307 seeaodum

390 4343 484 4423 ipsos,
504 4341 576 4422 quia
594 4341 659 4403 sine
676 4340 745 4404 fidei
765 4349 833 4402 actu
853 4339 997 4420 adimple·
1034 4351 1079 4407 te‚·
1094 4341 1123 4394 et
1141 4349 1210 4393 xvir:
1230 4331 1310 4394 Setia
1328 4339 1368 4392 est
1386 4338 1487 4392 actoru
1503 4329 1572 4411 fidei
1590 4342 1629 4385 rc-

390 4445 424 4488 re
447 4425 553 4508 nequit
580 4425 640 4490 alia
664 4430 845 4511 praecepta,
867 4438 996 4507 quorum
1031 4419 1093 4481 'mei
1110 4418 1142 4480 io
1160 4417 1222 4479 vito
1239 4416 1342 4478 elicere
1361 4413 1422 4494 (l).

427 4560 468 4629 (ll
483 4559 619 4612 Triboitur
637 4559 702 4610 baec
717 4557 843 4609 renitentia
862 4558 922 4606 Solo
935 4555 996 4606 iud
1069 4552 1108 4620 (2)
1127 4551 1163 4602 lta
1176 4547 1255 4601 Nidur
1273 4548 1299 4598 iu
1320 4546 1501 4612 praeceptere.

391 4637 457 4680 ceint.
477 4626 592 4680 distinet.
611 4631 655 4691 st,
674 4643 702 4696 q.
724 4626 816 4689 unic,
834 4624 850 4694 s
871 4623 998 4694 Quendam
1047 4628 1052 4636 ·
1072 4621 1109 4686 (5)
1123 4619 1197 4670 born.
1211 4616 1299 4694 ll,tt.
1319 4623 1321 4634 ’
1460 4681 1486 4692 ..

390 4701 583 4749 mmmm.
742 4719 745 4726 ·
879 4704 884 4714 “
1073 4683 1559 4758 fflOEWmmmwmmmm
