3700 5659
784 461 879 506 creor
896 462 944 529 rx,¹
1382 450 1443 512 133

234 565 283 620 tas
296 556 395 618 motas
410 553 500 618 etiam
516 562 663 636 spectant,
677 552 719 615 ita
736 560 838 614 tamen
856 558 858 573 '
878 553 991 628 latent,
1008 569 1042 612 ac
1059 552 1155 632 prima
1186 555 1366 638 plerumque
1385 561 1484 623 officia

235 651 270 701 nt
285 639 398 701 directe
427 657 627 718 unaquaeque
646 656 681 700 er
705 637 752 698 bis
772 636 838 697 foe·
879 635 1040 710 obtinent,
1062 635 1166 717 ibique
1201 640 1291 702 telam
1325 642 1486 706 ordiuntur

236 724 352 786 deratis
369 723 550 804 peculiarem
573 721 630 783 sibi
650 723 739 782 linem
766 738 839 802 pro·
877 719 1000 780 illorum
1017 720 1197 798 mediorum,
1214 742 1298 803 quae.
1308 727 1402 802 magis
1418 727 1485 788 ido·

237 815 361 888 ponat3
400 806 570 868 socialistae
613 805 765 886 quidem,
806 811 840 864 ut
879 821 937 864 nea
954 812 1116 866 censentur
1132 805 1170 866 ad
1192 805 1252 868 sibi
1267 809 1430 888 praefixum
1446 811 1485 874 fl·

238 898 430 970 praesentem
447 889 600 952 societatis
624 897 735 950 statum
754 906 840 950 erer-
881 904 950 948 nem
967 887 1200 968 assequendum.

237 983 304 1035 tant
333 974 473 1054 atquein
504 974 597 1034 alium
629 980 838 1049 commutent,
923 969 1051 1032 tium
1069 971 1127 1034 lide
1146 973 1245 1036 divina
1263 975 1336 1038 certi
1355 995 1482 1056 sumus,

237 1058 461 1120 communistae
489 1076 559 1119 vcro
579 1075 615 1118 eo
638 1057 788 1133 tendunt,
809 1063 843 1116 ut
882 1073 1036 1136 nunquam
1057 1055 1133 1134 fore,
1154 1065 1187 1119 ut
1215 1057 1262 1121 his
1284 1061 1486 1124 machinatio-

237 1142 440 1223 proprietates
458 1159 574 1213 omnes,
597 1149 659 1202 tum
678 1140 840 1214 bonorum,
882 1137 973 1201 nibus
992 1149 1092 1202 sectae
1114 1139 1189 1203 istae
1208 1160 1313 1206 omnes
1331 1155 1486 1227 apostata-

237 1235 303 1287 tum
323 1225 507 1287 familiarum
524 1243 593 1286 cum
611 1225 674 1286 suis
691 1232 844 1286 consecta·
883 1240 951 1283 rum
973 1223 1131 1286 ecclesiam
1163 1227 1360 1305 concutiant,
1380 1248 1483 1309 quae,
1542 1238 1545 1244 '

237 1310 295 1370 riis
312 1327 329 1371 e
363 1308 461 1371 medio
478 1309 604 1387 tollant,
625 1316 658 1370 ut
687 1306 845 1369 instituant
884 1304 976 1367 divini
1005 1307 1173 1371 fundatoris
1193 1309 1240 1372 sui
1258 1311 1487 1391 pollicitationi-

238 1392 404 1472 quemdam
432 1393 653 1474 pantheismum
674 1391 815 1453 socialem
833 1437 842 1465 ,
885 1389 942 1451 bus
960 1389 1072 1467 innixa,
1090 1391 1165 1453 nibil
1181 1393 1239 1456 sibi
1257 1395 1351 1458 timet.
1366 1396 1429 1459 Non
1445 1398 1488 1462 ila

237 1477 373 1557 ideoque
390 1485 419 1538 et
436 1476 493 1558 ipsi
513 1476 647 1538 eiusdem
663 1474 797 1537 criminis
812 1493 845 1536 se
884 1491 954 1535 vero
972 1492 1005 1535 se
1023 1493 1071 1536 res
1104 1475 1195 1538 habet
1214 1479 1313 1559 quoad
1337 1481 1487 1562 principes

238 1579 310 1621 reos
323 1561 512 1622 constituunt
525 1560 585 1641 (l).
886 1565 916 1618 et
933 1555 1128 1640 principatus,
1140 1560 1204 1640 qui,
1221 1561 1291 1623 dum
1307 1581 1358 1626 eas
1376 1566 1486 1641 fovent,

282 1645 360 1706 539.
380 1644 582 1725 Aliaeplures
605 1643 740 1706 eiusdem
757 1659 847 1719 gene·
885 1639 945 1701 sibi
981 1641 1054 1722 ipsit
1086 1643 1248 1723 perniciem
1284 1647 1486 1712 consciscunt.

239 1727 282 1788 ris
301 1727 463 1790 societates
485 1746 538 1790 seu
563 1736 663 1789 sectae
683 1725 845 1807 impiorum
885 1723 945 1786 Nos
962 1724 1019 1806 ipsi
1038 1725 1119 1788 baud
1137 1747 1249 1808 paucos
1273 1749 1308 1791 er
1327 1730 1392 1793 istis
1411 1752 1489 1794 non·

240 1811 403 1873 hominum
423 1812 478 1874 hac
494 1813 556 1873 fere
574 1819 671 1874 aetate
690 1810 847 1872 institutae
886 1807 958 1871 dum
977 1810 1090 1870 saeculi
1110 1811 1199 1874 unius
1219 1814 1315 1894 spatio
1334 1833 1350 1876 e
1373 1817 1490 1880 thronis

240 1904 325 1972 sunt,
346 1894 580 1972 Sausimoniani,
601 1894 739 1972 Icariam,
760 1893 848 1956 Libe·
887 1893 951 1954 suis
970 1892 1102 1955 deiectos
1117 1895 1485 1963 oculisnostrisvidimus.

240 1980 267 2039 ri
287 1979 416 2057 amoris,
433 1990 507 2056 etc.,
526 1998 604 2060 quae
622 1998 681 2040 non
700 1987 771 2040 sunt
789 1977 847 2038 nisi
887 1975 964 2038 Dum
979 1976 1084 2038 intenti
1096 1978 1274 2041 ridebantur
1287 1981 1325 2042 ad
1337 1985 1489 2046 molestias

241 2063 484 2125 modificationes
502 2082 537 2125 ac
559 2062 779 2124 subdivisiones
797 2080 847 2122 se·
888 2059 1032 2122 creandas
1049 2061 1120 2124 viris
1137 2063 1347 2127 ecclesiasticis
1366 2086 1400 2128 ac
1415 2068 1490 2130 reli-

241 2157 361 2209 ctarum
384 2148 613 2209 antedictarum.
636 2146 688 2208 llis
707 2145 849 2208 omnibus
888 2141 991 2222 giosis,
1011 2144 1049 2206 ad
1073 2145 1184 2208 bellum
1201 2147 1365 2224 gerendum
1383 2151 1490 2214 adver-

244 2251 324 2292 nnus
345 2232 413 2292 linis
436 2232 631 2312 praestitutus
649 2241 695 2292 est
716 2231 849 2293 habenas
888 2246 941 2289 sus
954 2229 1154 2311 Apostolicam
1174 2232 1292 2310 sedem,
1314 2234 1351 2294 ad
1370 2235 1491 2316 propria

240 2315 366 2377 laxandi
385 2315 599 2396 cupiditatibus
617 2314 796 2392 omnigenis,
816 2333 850 2376 ac
889 2311 967 2388 iura,
989 2319 1021 2374 ut
1038 2311 1096 2394 ipsi
1118 2315 1326 2394 autumabant,
1346 2327 1425 2380 sarta
1444 2327 1491 2382 te·

243 2398 849 2479 proindelleumreligionemqueomnem
890 2405 996 2477 ctaque
1015 2397 1126 2459 tuenda
1145 2408 1174 2460 et
1191 2402 1405 2481 conservanda,
1426 2422 1494 2484 per-

244 2483 448 2561 excludendi,
477 2491 580 2564 utpote
601 2482 659 2544 sibi
679 2483 848 2544 molestam.
890 2481 965 2540 moti
989 2481 1027 2542 ab
1046 2481 1171 2544 occultis
1202 2491 1351 2547 sectarum
1374 2488 1491 2566 sociis,

243 2567 350 2628 Ethos
360 2578 518 2648 propterea
528 2567 607 2628 inter
620 2575 770 2648 apostatas
780 2585 851 2627 con·
891 2564 991 2625 subito
1010 2564 1204 2640 defecerunt,
1228 2586 1319 2646 regno
1338 2579 1390 2632 aut
1409 2571 1494 2651 priu-

245 2670 410 2712 numerare
437 2651 582 2712 debemus
611 2658 662 2711 aut
684 2650 848 2727 formales,
891 2647 991 2728 cipatu
1006 2649 1126 2728 spoliati
1145 2659 1175 2712 et
1189 2651 1220 2712 in
1239 2652 1362 2714 exilium
1379 2656 1449 2716 acti.

246 2743 300 2795 aut
323 2734 558 2814 aequivalenter,
579 2734 631 2814 qui
650 2733 746 2814 prima
773 2733 850 2796 sub·
934 2731 1006 2792 542.
1029 2730 1138 2794 Verum
1156 2733 1193 2796 de
1226 2735 1272 2796 his
1295 2737 1392 2816 satis3
1415 2757 1494 2800 nunc

247 2819 338 2880 sellia
357 2818 540 2880 obtinentin
558 2817 722 2899 impietate.
890 2813 950 2876 iam
967 2825 1121 2895 superest,
1139 2825 1172 2878 ut
1189 2819 1385 2898 expleamus,
1417 2841 1495 2902 quae

290 2903 366 2964 sto.
390 2902 502 2964 Horum
523 2903 657 2962 omnium
676 2900 848 2978 malitiam,
890 2897 1115 2979 proposuimus,
1135 2903 1309 2981 exponendo
1320 2904 1494 2980 gravitatem

247 3006 341 3048 nemo
355 2996 411 3064 est,
425 2987 477 3066 qui
492 3005 552 3047 uon
566 2985 663 3047 rideat
677 3003 850 3066 supremum
892 2982 1016 3062 peccati,
1034 2983 1120 3045 cuius
1139 2983 1195 3064 ipsi
1213 3003 1246 3047 se
1267 3004 1335 3048 reos
1353 2987 1492 3067 faciunt,

247 3071 376 3148 gradum
408 3070 580 3148 attingere,
611 3070 667 3131 etsi
688 3068 852 3130 honestatis
892 3065 945 3146 qui
975 3065 1006 3127 in
1037 3068 1219 3150 apostasiam
1249 3069 1398 3134 eiusmodi
1416 3072 1495 3136 inci-

248 3155 343 3235 pallio
370 3154 549 3234 quandoque
568 3173 600 3216 se
618 3162 718 3232 tegere
745 3152 853 3214 conni-
893 3150 980 3212 dunt.

250 3248 367 3300 tantur:
389 3257 493 3300 omnes
515 3238 553 3300 ab
576 3237 680 3299 inferis
696 3256 765 3299 vere
779 3256 853 3299 eru-

251 3323 334 3404 pisse
352 3322 462 3383 dixeris
486 3322 518 3383 in
536 3321 699 3402 perniciem
715 3340 775 3382 non
794 3320 855 3382 mi·
1153 3303 1236 3386 iffi·

251 3425 309 3468 nus
326 3405 482 3484 religionis
500 3426 591 3486 quam
613 3405 766 3467 societatis
783 3403 855 3466 uni·
895 3411 1135 3474 lttoremaepontmr
1143 3420 1325 3480 peccatumque·
1333 3421 1497 3482 quoquomodo

251 3509 374 3568 versae,
395 3489 481 3551 cuius
498 3490 693 3552 fundamessia
709 3489 856 3551 subruere
929 3485 956 3530 ili
972 3485 1121 3544 spotia-tium
1137 3481 1267 3545 infidum,
1286 3489 1331 3534 alli
1353 3489 1427 3550 videm
1445 3488 1498 3548 diff·

252 3575 388 3636 student.
399 3574 537 3636 Attamen
552 3575 640 3650 longe
656 3573 777 3654 lateque
795 3573 856 3634 dif-
929 3551 1072 3610 pacantur.

253 3659 337 3720 fusae
356 3667 427 3720 sunt
444 3657 593 3720 eiusmodi
617 3666 741 3735 sectae,
762 3655 793 3717 in
811 3656 856 3718 si·
940 3658 1012 3720 543.
1033 3655 1112 3720 Reos
1127 3676 1160 3720 se
1178 3658 1283 3720 mortis
1301 3667 1441 3722 aeternae
1455 3661 1499 3722 el-

254 3741 346 3804 lentio
380 3742 536 3804 machinas
567 3740 726 3803 admovent
748 3739 785 3802 ad
804 3759 857 3802 ec·
896 3742 986 3804 ficere
1014 3761 1075 3804 aun
1100 3743 1195 3806 solum
1221 3744 1273 3821 qui
1296 3760 1331 3805 eo
1355 3743 1495 3822 faciunt,

255 3825 378 3888 clesiam
396 3825 631 3888 conculcandam
651 3823 859 3905 quatiendam·
895 3826 1070 3908 pronuntiat
1085 3827 1256 3907 Apostolus,
1272 3829 1322 3888 red
1339 3829 1428 3888 etium
1446 3830 1499 3907 qui

254 3929 327 3990 que,
346 3918 437 3990 atque
457 3909 495 3971 ad
512 3910 636 3990 thronos
657 3909 806 3986 legitimos
821 3928 856 3971 e·
896 3912 1084 3994 consentiunt
1101 3911 1278 3991 foetentibus
1297 3911 1358 3991 (t).
1376 3911 1416 3972 Ex
1431 3911 1499 3992 qui-

255 3993 425 4055 vertendos.
442 3993 524 4055 Nihil
548 4011 608 4054 non
628 3993 804 4070 moliuntur,
825 4001 858 4054 ut
897 3993 954 4056 bus
970 3995 1151 4072 colligimus,
1168 4011 1236 4056 reos
1253 3995 1319 4056 freri
1331 3996 1500 4074 gravissimi

256 4078 442 4158 propositum
478 4077 537 4138 sibi
577 4078 666 4138 finem
703 4076 859 4138 obtineant
896 4077 1065 4160 apostasiae
1083 4077 1230 4156 criminis,
1251 4086 1313 4141 tum
1331 4089 1451 4161 apertos
1468 4099 1501 4142 a·

257 4160 403 4240 pertinaci
423 4159 635 4223 obstinatione.
655 4159 687 4223 ln
702 4160 857 4240 guberniis
897 4170 1028 4244 postatas
1046 4161 1199 4241 formales,
1220 4163 1273 4243 qui
1288 4163 1433 4226 nuncium
1448 4183 1500 4227 re-

290 4324 329 4392 (l)
350 4323 412 4377 vit.
430 4323 567 4392 Avogodro
584 4336 658 4376 conte
675 4324 742 4376 delle
760 4325 856 4387 liutto,
896 4326 930 4378 de
946 4326 995 4377 boc
1012 4335 1163 4392 argumento
1178 4327 1328 4395 scripsimus
1345 4329 1371 4378 in
1390 4345 1432 4396 op.
1448 4326 1499 4378 L'r'·

258 4390 346 4456 Seqpto
370 4398 467 4443 intorno
490 4396 517 4443 ct
547 4395 701 4444 Soctctr‘amo.
729 4393 858 4460 'lapurelli
896 4399 1070 4445 decertatione
1088 4397 1153 4444 detto
1168 4399 1499 4460 chtctodtetruttenelprc·

258 4459 346 4510 anme
362 4464 448 4511 critico
469 4463 533 4524 dcqli
548 4466 629 4510 ordint
644 4465 857 4525 roppreaentatiut.
896 4466 1069 4523 lectantem'mo,
1082 4477 1140 4528 cap.
1155 4465 1198 4515 le.

259 4525 368 4589 bicolor,
378 4528 425 4580 Del
435 4526 768 4580 Protcclautcet'mocdt'tuttc
780 4533 858 4579 lecre-
932 4531 971 4599 (ἲ)
989 4529 1064 4580 Rom.
1077 4532 1100 4593 l,
1112 4533 1157 4582 dl,

259 4599 292 4643 rie
303 4599 342 4646 acl
351 4600 530 4659 lororcpportc
539 4600 577 4647 cot
592 4599 739 4647 aoclcllsmo.
748 4595 798 4649 Nor
810 4597 858 4666 ipsi
