3700 5659
406 494 465 557 tot,
924 503 962 546 us
981 504 1046 547 rme

364 623 455 666 causa
473 601 619 682 ignaviam
638 605 861 675 accusaverant,
880 615 967 672 argu·
1009 595 1090 676 quod
1102 595 1218 658 scilicet
1237 615 1298 658 non
1320 599 1418 660 solum
1437 599 1539 678 liceat,
1561 595 1614 663 sed

365 697 469 751 menta
480 685 582 748 omnia
599 683 637 747 ad
658 685 734 747 banc
750 681 856 760 agendi
875 681 968 742 ratio·
1008 679 1159 742 interdum
1183 680 1252 760 quis
1279 689 1417 744 teneatur
1443 682 1481 745 ad
1514 685 1610 760 lugam

364 764 968 836 nemcobonestaudamexsacrisutrius·
1008 763 1220 844 arripiendam,
1241 765 1321 845 quod
1338 766 1450 846 duplici
1466 787 1502 828 ex
1519 769 1612 848 capite

366 873 426 938 que
450 852 580 916 loederis
612 850 733 914 Litteris
765 858 796 912 et
823 847 968 931 exemplis
1010 848 1181 924 contingere
1201 857 1309 928 potest:
1329 869 1436 930 nempe
1455 852 1565 912 autob
1583 873 1613 914 u·

366 939 544 1002 Sanctorum
563 932 969 1017 complexusest3idemdo-
1010 931 1149 994 tilitatem
1183 931 1264 1007 fidei,
1296 943 1348 994 aut
1379 933 1417 995 ob
1453 934 1612 998 utilitatem
1683 1005 1684 1010 .

367 1021 431 1085 cuit
450 1041 476 1083 s.
497 1020 658 1100 Gregorius
671 1018 873 1082 Nazianzenus
891 1016 922 1078 iu
938 1034 970 1076 o·
1010 1015 1172 1096 propriam.
1192 1013 1238 1078 Ob
1258 1017 1415 1078 utilitatem
1436 1017 1522 1096 fidei,
1548 1039 1612 1081 cum
1683 1055 1684 1092 1

369 1105 486 1172 ratione
513 1105 543 1166 in
571 1103 690 1166 laudem
720 1100 878 1175 Caesarii,
898 1099 972 1162 scri·
1011 1098 1051 1160 ob
1078 1098 1253 1179 qualitatem
1273 1109 1302 1162 et
1319 1101 1527 1163 conditionem
1546 1123 1612 1184 per·

370 1191 456 1252 bens:
480 1188 569 1253 Melia
587 1186 767 1269 temporibus
781 1186 856 1248 cedit
868 1184 970 1263 (oem-
1011 1201 1103 1244 sonae
1134 1203 1274 1262 magnum
1309 1184 1526 1247 detrimentum
1551 1207 1616 1267 pos

368 1292 406 1355 pe
429 1271 536 1335 iuliani
551 1280 716 1352 apostatae,
735 1270 769 1331 ire
797 1285 886 1348 eoque
914 1260 973 1347 ledi
1012 1275 1058 1328 set
1075 1267 1232 1348 provenire
1247 1267 1316 1329 fidei
1336 1288 1389 1330 seu
1414 1270 1573 1346 religioni,
1592 1273 1615 1332 si

370 1366 489 1420 nostroe
506 1355 684 1434 obtemperat
698 1353 760 1434 (1).
776 1349 852 1414 ltem
867 1370 893 1413 s.
910 1350 972 1412 Αιι-
1013 1349 1078 1431 ipsa
1097 1350 1134 1412 de
1152 1351 1250 1413 medic
1271 1353 1437 1430 tolleretur,
1453 1372 1526 1414 cum
1547 1375 1616 1435 pos-

369 1440 508 1518 gustiuus
524 1438 635 1520 passim
645 1437 708 1519 (1),
724 1454 779 1497 uec
791 1454 851 1497 nou
865 1454 891 1496 s.
902 1433 974 1498 Gre·
1012 1443 1058 1496 set
1076 1453 1130 1518 per
1151 1434 1250 1511 lugam
1267 1436 1342 1497 illud
1365 1437 1478 1498 rnalum
1501 1439 1618 1518 liupcu-

372 1523 475 1603 gorius
494 1521 531 1582 ll.
550 1521 610 1602 (3).
630 1521 695 1583 Nou
714 1537 809 1601 pauca
839 1519 974 1600 exempla
1013 1517 1086 1579 deus
1104 1527 1250 1581 avertere.
1266 1519 1350 1582 'l'unc
1362 1520 1440 1580 enim
1457 1532 1543 1583 esset
1559 1542 1618 1584 mo·

374 1607 467 1669 relert
484 1605 670 1676 Nicephorus
694 1603 725 1665 iu
744 1621 800 1664 sua
828 1601 974 1665 ecclesia·
1014 1602 1117 1664 raliter
1146 1603 1317 1666 neccssaria
1347 1603 1617 1684 istius‘personae

373 1691 449 1753 stica
466 1689 592 1752 historia
609 1687 771 1752 illustrium
783 1685 973 1762 Sanctorum,
1015 1687 1214 1747 conservatio.
1245 1683 1289 1748 Ob
1323 1688 1485 1750 utilitatem
1517 1699 1616 1751 autem

374 1774 427 1856 qui
448 1774 517 1852 luga
532 1791 564 1835 se
587 1792 605 1834 a
627 1770 871 1856 persecutoribus
890 1788 977 1850 praa·
995 1807 996 1840 ,
1015 1769 1166 1850 propriam
1182 1771 1249 1850 quis
1269 1781 1420 1834 teneretur
1434 1773 1495 1834 sibi
1513 1793 1619 1834 consu-

374 1858 534 1942 ripuerunt
549 1855 610 1936 (l).
995 1857 997 1878 *
1016 1853 1089 1930 lere,
1106 1853 1158 1933 qui
1177 1855 1315 1935 propriae
1333 1855 1521 1918 infirmitatis
1547 1877 1618 1918 cou-
1680 1896 1684 1936 Α)

343 1945 345 1948 ⁴
419 1942 493 2005 tae.
511 1939 569 2002 Sed
582 1940 687 2021 etipsa
701 1938 778 2001 ratio
796 1937 978 2015 suffragatur
995 1897 1002 2005 1
1017 1935 1097 1998 scius
1112 1956 1147 1998 ac
1163 1938 1299 2017 periculi,
1317 1939 1367 2000 cui
1384 1959 1416 2002 se
1432 1941 1570 2018 offerret,
1585 1942 1618 2001 fi-

375 2025 447 2088 huic
462 2024 568 2104 agendi
593 2022 726 2100 ratioui3
748 2041 817 2085 uam
850 2021 887 2084 de
921 2021 978 2082 hac
1018 2019 1066 2082 dei
1100 2020 1281 2099 rimandae,
1313 2023 1340 2084 si
1366 2023 1557 2086 cruciatibus
1588 2044 1619 2086 ac
1680 2028 1684 2072 ἰ

375 2111 445 2189 luga
456 2111 571 2172 nullum
582 2107 683 2170 datum
697 2114 742 2168 est
753 2103 882 2187 speciale
894 2122 980 2185 prae·
1019 2103 1108 2164 morti
1127 2104 1337 2167 subiicerctur.
1359 2107 1421 2168 llcc
1440 2108 1525 2169 euim
1547 2108 1620 2190 peri·
1681 2165 1682 2178 ἶ

376 2201 508 2274 ceptum,
523 2211 583 2273 quo
596 2191 802 2272 prohibeatur,
815 2208 913 2268 neque
927 2206 980 2268 per
1020 2188 1120 2248 culum
1131 2188 1293 2270 quispiam,
1307 2200 1452 2270 quantum
1467 2191 1500 2252 in
1520 2211 1554 2254 se
1565 2201 1617 2268 est,

379 2296 413 2338 se
431 2277 511 2339 mala
530 2284 586 2353 est,
608 2293 675 2336 cum
695 2292 756 2334 raon
773 2273 813 2334 sit
829 2271 898 2333 fidei
910 2290 981 2332 con·
998 2293 1005 2356 '2
1020 2271 1170 2334 declinare
1190 2272 1278 2334 debet
1298 2275 1404 2336 mediis
1422 2275 1569 2338 omnibus
1584 2276 1619 2337 li·
1680 2285 1683 2354 j

380 2360 485 2438 traria,
498 2359 559 2420 imo
572 2358 673 2439 potius
685 2355 832 2438 quaedam
844 2355 884 2417 sit
897 2373 979 2416 mar·
1002 2363 1004 2376 ³
1020 2354 1099 2432 citis,
1112 2355 1214 2435 qualia
1227 2367 1388 2420 censentur
1402 2359 1482 2436 luga,
1501 2360 1620 2422 redem-

380 2442 449 2523 tprii
468 2442 566 2524 portio
586 2449 615 2502 et
623 2441 759 2504 virtualis
776 2438 845 2502 fidei
859 2439 980 2500 coules-
1021 2439 1082 2520 ptio
1105 2439 1293 2502 vexationum
1311 2460 1365 2523 per
1382 2443 1566 2523 pecuniam,
1589 2463 1621 2506 a·
1681 2484 1684 2532 ,

380 2527 440 2604 sio,
461 2525 610 2608 siquidem
623 2525 757 2601 exilium,
771 2522 851 2604 quod
868 2540 922 2603 per
935 2521 982 2583 lu·
1004 2523 1122 2603 'liaquc
1142 2523 1303 2586 eiusmodi.
1683 2533 1684 2540 ’

329 2633 337 2641 ·
381 2628 449 2688 garn
469 2609 646 2686 assumitur,
666 2607 811 2689 quaedam
836 2625 890 2669 uec
908 2605 1003 2668 levis¹
1064 2607 1138 2668 tal.
1162 2606 1237 2670 Hinc
1256 2627 1282 2670 s.
1302 2607 1465 2690 Cyprianus
1492 2611 1621 2692 quibus·
1682 2683 1684 2692 Α

385 2713 485 2776 poena
503 2702 559 2772 est,
579 2712 670 2774 quam
689 2693 779 2754 homo
811 2698 933 2773 propter
950 2691 983 2750 sr-
1023 2690 1090 2752 dam
1112 2691 1140 2752 in
1159 2692 1368 2772 persecutione
1384 2695 1487 2774 lapsiS,
1511 2704 1541 2756 et
1558 2714 1622 2776 pec·

385 2779 454 2840 dem
473 2778 610 2859 suscipit,
628 2796 663 2838 ac
691 2795 780 2838 nemo
811 2774 904 2852 lugit,
926 2773 984 2836 nisi
1023 2775 1081 2836 cati
1103 2773 1151 2836 sui
1169 2777 1391 2840 excusationem
1409 2779 1439 2838 in
1455 2780 1621 2861 supplicio·

387 2861 461 2944 quia
474 2863 538 2923 vult
555 2861 625 2924 lidei
640 2879 713 2923 suae
731 2879 766 2922 ac
781 2857 920 2936 religioni
936 2857 984 2918 lvr-
1024 2877 1090 2922 rum
1112 2859 1300 2922 vehementia
1330 2863 1547 2941 quaerentibus
1575 2882 1621 2924 re·
1683 2913 1684 2943 ,

384 2946 475 3008 miter
485 2946 661 3008 adhaerere.
678 2942 841 3006 Prudentia
853 2949 986 3022 praeter·
1013 2941 1208 3023 spondebat:
1226 2945 1428 3024 Relinquenda
1442 2955 1508 3008 erat
1519 2947 1622 3026 patrio
1683 2993 1684 3026 ,

384 3049 420 3092 ea
443 3030 512 3110 plus
530 3030 623 3091 semel
642 3029 686 3092 ita
713 3025 883 3088 laciendum
911 3045 985 3087 sua·
1024 3035 1050 3088 el
1065 3027 1249 3106 patrimonii
1266 3030 1405 3108 societrdn
1427 3031 1571 3092 iactura.
1592 3074 1620 3089 .·
1683 3076 1684 3098 ι

384 3113 446 3189 det,
462 3120 525 3174 tum
545 3113 617 3192 quia
633 3113 735 3187 homo,
767 3110 906 3171 conscius
924 3109 985 3170 im·
1026 3111 1261 3189 Decepitmoltos
1278 3114 1457 3191 patrimonii
1475 3115 1524 3176 saci
1542 3131 1624 3175 amor
1683 3161 1684 3172 .

386 3195 559 3258 becillitatis
569 3213 643 3257 suae
653 3203 743 3274 atque
755 3193 984 3270 inconstantiae,
1026 3211 1138 3272 coecos,
1162 3195 1215 3257 trec
1242 3197 1280 3258 od
1312 3199 1506 3260 recedendum
1524 3197 1624 3276 purati-

389 3278 498 3340 humili
523 3278 662 3347 cautione
683 3297 701 3339 a
719 3276 828 3339 maiori
852 3275 987 3356 periculo
1027 3285 1078 3340 out
1093 3279 1224 3357 enpcditi
1238 3297 1298 3341 esre
1311 3289 1483 3359 potueram,
1498 3299 1571 3360 quoa
1581 3281 1624 3359 (-

388 3381 421 3424 se
433 3361 585 3440 subducit;
606 3371 668 3424 tum
689 3361 772 3441 quia,
791 3367 825 3422 ut
846 3378 871 3420 s.
891 3359 986 3422 Atha·
1027 3361 1147 3423 collater
1168 3380 1239 3425 roae
1258 3366 1335 3426 uelut
1351 3367 1500 3445 compedes
1513 3367 1623 3446 ilpunc-

387 3445 493 3510 uasius
521 3445 553 3508 in
580 3446 672 3508 citata
697 3443 835 3526 apologia
853 3443 987 3517 adnotat,
1010 3451 1101 3507 'rant
1118 3445 1179 3525 (5).

386 3530 476 3594 homo
492 3530 609 3608 ignorat
620 3539 738 3610 tempus
757 3526 862 3590 mortis
880 3547 954 3589 suae
972 3547 989 3589 a
1071 3529 1144 3590 431.
1166 3529 1283 3592 Frivola
1308 3551 1397 3612 porro
1427 3541 1515 3610 sunt,
1550 3550 1625 3614 quae

387 3613 449 3677 Deo
469 3614 662 3677 destinatum:
682 3613 793 3675 etideo
813 3611 990 3692 quaudoal·
1030 3610 1234 3674 Tertullianus
1257 3615 1294 3675 ad
1328 3635 1416 3677 suurn
1446 3617 1623 3697 paradoxum

387 3707 452 3760 tera
474 3699 551 3760 ratio
575 3697 767 3776 obligationis
797 3715 858 3756 uon
890 3694 987 3774 cogit,
1030 3696 1270 3776 persuadendum
1283 3699 1435 3776 afferebat,
1459 3701 1623 3774 lvscilicet,

388 3782 503 3863 optime
533 3801 566 3844 se
584 3783 661 3860 gerit
686 3779 829 3858 lugieudo
848 3788 988 3857 mortem,
1032 3779 1113 3859 quod
1131 3780 1198 3842 talis
1218 3783 1386 3862 perse'cutio
1412 3805 1471 3846 non
1495 3786 1547 3846 liat
1564 3785 1625 3846 siue

389 3865 497 3942 donec,
512 3865 574 3927 Deo
597 3865 800 3946 permittente,
820 3863 851 3924 in
869 3882 921 3926 eas
939 3881 992 3924 au·
1033 3862 1132 3924 diviua
1148 3863 1336 3928 ordinatione
1354 3879 1405 3928 aut
1419 3869 1623 3948 permissione,

388 3949 503 4025 gustias
519 3949 666 4026 deveniat,
679 3957 713 4022 ut
729 3948 813 4010 illam
824 3946 918 4010 vitare
931 3965 992 4008 uon
1033 3947 1081 4007 cui
1101 3947 1231 4024 obsistit,
1261 3950 1313 4030 qui
1336 3951 1436 4028 lugam
1457 3952 1579 4034 arripit;
1596 3950 1626 4010 2⁰

388 4030 495 4112 possit.
1034 4029 1114 4110 quod
1131 4031 1281 4112 apostolis
1311 4035 1381 4096 vitio
1407 4037 1531 4097 vertitur
1548 4036 1625 4116 ipso-

431 4115 507 4178 tao.
522 4113 622 4194 Atque
643 4114 750 4176 exinde
767 4114 828 4177 iam
847 4121 929 4194 patet
944 4132 992 4176 ve·
1032 4133 1100 4176 rum
1115 4115 1185 4192 luga
1204 4115 1274 4177 dum
1293 4116 1429 4181 Christus
1451 4130 1555 4200 captus
1572 4127 1624 4191 est;

388 4197 463 4260 ritas
480 4198 606 4260 alterius
620 4197 833 4279 propositionis
849 4197 991 4275 membri,
1033 4198 1146 4279 30quod
1154 4198 1256 4278 lugere
1264 4205 1502 4282 persecutionem
1510 4201 1626 4286 perinde

426 4361 465 4430 (l)
482 4361 571 4415 Oratio
590 4365 622 4412 10
647 4337 790 4413 catanam
812 4358 921 4412 caman
937 4363 993 4422 {rn-
1066 4363 1105 4430 (11)
1123 4362 1180 4416 Lib.
1193 4369 1222 4416 51
1238 4365 1328 4418 Merui.
1348 4384 1403 4435 cap.
1416 4374 1448 4420 25
1472 4375 1556 4433 et2tt3
1574 4365 1625 4419 tib.

391 4433 448 4492 tcta,
467 4445 494 4481 u.
509 4433 551 4491 ta,
569 4428 633 4480 edit.
647 4428 718 4479 Paris
731 4431 805 4489 1650,
835 4431 883 4494 ag.
897 4431 956 4480 168.
1034 4433 1158 4496 2Diolop.
1169 4449 1224 4550 cufi.
1236 4439 1261 4484 5.

424 4500 462 4561 (2)
476 4495 799 4564 Epist.228adllorrorat.;
833 4496 991 4549 ract.XLVl.
1069 4499 1106 4564 (lt)
1120 4499 1159 4550 Cf.
1180 4499 1197 4550 li
1217 4538 1224 4552 .
1244 4505 1284 4566 l0,
1304 4517 1360 4568 cap.
1380 4503 1395 4554 8
1413 4511 1438 4554 ct
1457 4507 1498 4556 lli.

391 4564 417 4682 iq
431 4565 517 4683 (ρὲηέ
536 4563 593 4615 Lib.
609 4570 720 4683 {imma
732 4561 867 4626 Gaudeat„
889 4581 948 4633 cap.
963 4571 994 4618 lli
1069 4567 1107 4634 (b)
1127 4567 1155 4618 lu
1168 4567 1213 4620 lib.
1229 4570 1265 4619 Dc
1278 4573 1341 4632 lopo.
1360 4585 1418 4639 pag.
1440 4577 1499 4634 tat,
1518 4569 1559 4623 ed.
1571 4567 1611 4620 cit.

391 4648 405 4681 e
445 4650 481 4683 ι.
517 4648 601 4700 ,cap.
640 4667 647 4682 .
