3700 5659
1310 529 1371 592 tls

233 647 295 710 bll.
306 642 373 706 Post
388 642 440 703 bas
455 639 579 702 ueniunt
592 639 772 721 propositio-
811 640 864 702 sed
882 639 985 721 aliqua
1003 637 1080 701 inira
1100 635 1249 702 haeresim
1269 640 1415 722 pravitate

196 731 467 793 nesmolosoouolcs
480 725 773 805 etpioromoarium
813 725 941 786 inlectus
954 723 1015 804 (l).
1169 784 1170 788 ,

201 815 347 894 offensiooc,
367 828 440 890 quas
459 827 520 869 non
547 808 634 891 pauci
654 825 773 886 graves·
856 807 929 869 bii.
950 806 1007 878 Qui
1025 815 1125 868 autem
1141 807 1178 868 ab
1194 806 1320 870 invicem
1340 809 1415 870 duaa

198 904 389 977 -qucauttores
406 891 550 954 identicas
578 910 645 952 esse
669 890 774 952 eristi·
813 892 903 954 hasce
921 901 1007 953 nolas
1033 890 1239 966 distinguunt,
1260 891 1290 952 in
1309 911 1344 953 eo
1364 912 1415 955 re·

204 979 335 1058 manill),
349 978 390 1038 ita
404 975 615 1056 utpromiscue
630 991 776 1054 usurpen·
814 984 930 1057 ponunt
975 974 1122 1036 eiusmodi
1165 974 1413 1055 distinctionem,

204 1057 777 1138 turatinlliganluraconeilioConstan-
815 1059 896 1140 quod
914 1058 1076 1141 propositio
1104 1058 1181 1119 male
1206 1077 1317 1120 sonans
1344 1061 1415 1122 uni-

205 1146 275 1207 tiensi
287 1153 315 1206 el
328 1165 344 1205 a
359 1142 492 1206 romanis
505 1141 699 1204 Pontificibus
713 1141 773 1221 (2).
815 1143 1007 1205 versationem
1026 1160 1097 1223 prae
1115 1159 1147 1204 se
1172 1142 1248 1203 serat
1266 1143 1417 1205 extensio·

206 1230 255 1291 llon
280 1226 395 1290 omnino
426 1227 504 1288 inter
532 1244 564 1286 se
598 1227 777 1291 conveniunt
817 1246 898 1305 nem,
918 1240 1008 1307 quam
1040 1226 1156 1306 piarum
1177 1225 1295 1286 aurium
1320 1228 1416 1288 olien-

205 1311 312 1388 theologi
325 1311 355 1370 in
365 1310 393 1370 ri
407 1329 443 1370 ac
458 1309 580 1370 notione
591 1327 693 1370 earum
707 1327 777 1369 con·
817 1311 891 1388 siva,
908 1330 987 1391 quae
1003 1307 1120 1371 videtur
1144 1309 1258 1389 aliquid
1276 1311 1417 1391 speciali-

200 1394 340 1457 ·slituenda.
385 1392 591 1459 verosimilior
624 1392 778 1471 magisque
819 1404 865 1456 ter
880 1393 1082 1475 superaddere
1103 1393 1135 1454 in
1157 1392 1261 1454 ordine
1290 1393 1328 1456 ad
1345 1393 1418 1455 reli-

207 1488 420 1559 reeeptaearum
441 1478 522 1538 notio
541 1495 577 1538 ea
603 1493 670 1536 esse
694 1475 778 1536 ride·
819 1478 951 1556 gionem.
985 1476 1061 1538 Nam
1092 1475 1262 1558 specialiter
1298 1478 1421 1539 offendit

208 1572 252 1640 tur,
267 1579 350 1641 quam
369 1559 490 1622 exbibet
510 1560 616 1621 doctus
633 1558 780 1620 Antonius
821 1562 884 1642 pias
902 1579 1002 1638 aures,
1022 1579 1090 1622 cum
1123 1560 1238 1640 aliquid
1256 1559 1419 1638 indecem,

205 1646 359 1707 alanormo
373 1644 434 1725 (3),
454 1643 506 1724 qui
524 1650 642 1719 censet,
667 1660 779 1724 propo·
820 1647 865 1706 vel
884 1645 1036 1722 indignum
1065 1644 1096 1704 in
1125 1644 1251 1706 materia
1268 1644 1421 1722 religionis

207 1728 302 1789 sotionis
320 1729 396 1789 male
414 1727 561 1804 sonantis,
590 1745 643 1788 seu
663 1726 779 1806 piarum
821 1729 943 1791 auditur
959 1737 1012 1790 aut
1039 1727 1201 1808 profertur.
1225 1726 1300 1790 Hinc
1325 1729 1423 1790 omnis

205 1812 302 1872 aurium
331 1811 491 1872 offensirae
518 1818 654 1872 naturam
687 1809 717 1869 in
745 1827 781 1871 eo
823 1813 937 1895 piarum
957 1811 1074 1874 aurium
1099 1811 1241 1872 cilensira
1258 1813 1422 1894 propositio

207 1896 366 1973 consistere,
386 1895 469 1976 quod
499 1893 542 1955 ita
570 1894 732 1971 formetur,
749 1902 783 1954 ut
824 1897 966 1958 estetiam
979 1896 1056 1957 male
1065 1913 1187 1974 sonans,
1197 1895 1425 1958 sednonecon·

205 1980 320 2056 quamtis
336 1979 365 2038 in
393 1980 508 2040 bonum
526 1996 648 2039 sensum
676 1977 782 2058 exponi
822 1999 908 2043 uerso
927 1980 1024 2041 omnis
1039 1979 1117 2040 male
1132 1997 1242 2040 sonans
1257 1980 1423 2060 propositio

205 2073 292 2139 queat,
321 2061 518 2123 nihilominus
551 2079 658 2142 prauus
688 2061 784 2142 ipsius
824 2073 870 2126 est
887 2063 976 2126 eliam
993 2063 1109 2144 piarum
1129 2061 1247 2123 aurium
1267 2062 1421 2124 onensioa.

208 2164 304 2221 sensus,
329 2146 390 2207 sire
415 2164 451 2206 ex
478 2145 641 2206 intrinseca
666 2154 782 2220 natura,
824 2147 944 2209 Piarum
974 2165 1042 2208 vero
1075 2144 1194 2208 aurium
1223 2145 1367 2224 nomine,
1392 2155 1426 2208 ut

710 544 806 590 CAPUT
824 546 864 589 tx.

209 2228 256 2289 sire
281 2248 312 2290 ea
339 2228 576 2291 circumstantiis
610 2227 785 2288 extrinsecis
825 2240 906 2293 recte
924 2229 1133 2292 animadvertit
1150 2227 1294 2291 lllelcbior
1314 2229 1424 2304 Canus,

207 2330 266 2372 sano
295 2321 322 2374 et
353 2313 504 2374 catholico
546 2311 719 2393 praeualens
751 2329 787 2372 ac
825 2315 948 2377 veniunt
962 2333 1050 2376 aures
1068 2313 1245 2390 catholicae,
1266 2313 1428 2394 prudentes

211 2396 438 2476 praeponderans,
459 2395 523 2476 pias
541 2413 630 2456 aures
645 2394 785 2472 offendat,
827 2408 857 2461 et
875 2398 1016 2476 devotae;
1036 2417 1105 2459 nam
1114 2397 1348 2478 imprudentes,
1367 2398 1428 2458 im-

212 2480 359 2560 nalumque
385 2497 510 2541 sensum
542 2497 613 2559 prae
636 2496 669 2540 se
699 2479 785 2540 ierat.

209 2562 489 2625 Animadvertendum
512 2580 600 2642 porro
630 2569 697 2639 est,
721 2562 788 2642 ple·

213 2666 317 2726 rumque
334 2646 570 2728 propositionem
586 2647 665 2706 male
682 2663 791 2706 sonan-

211 2738 257 2789 tem
272 2740 318 2792 aut
335 2731 455 2812 piarum
480 2730 598 2791 aurium
617 2729 789 2790 oilensiram

214 2814 337 2893 respicere
354 2813 489 2891 agenda,
513 2832 600 2875 secus
618 2831 653 2874 ac
670 2813 790 2873 contin-

211 2905 249 2970 gat
276 2897 304 2957 in
338 2897 622 2980 propositionibus,
658 2896 792 2976 aopieotc

213 2982 335 3044 touesim
367 3001 403 3044 ac
439 2981 476 3044 de
505 2982 620 3044 locres
645 2988 790 3060 suspecto,

213 3082 273 3139 qum
289 3065 399 3127 babent
418 3083 475 3146 pro
493 3065 611 3126 obiecto
629 3065 791 3137 credendo,

213 3157 253 3206 aaut
265 3149 287 3209 sl
301 3150 416 3230 priores
429 3149 519 3210 etiam
532 3148 661 3210 babeant
678 3166 731 3228 pro
741 3147 794 3208 ob-

214 3229 273 3292 iecto
290 3234 456 3305 credenda,
476 3251 582 3294 sensus
604 3232 702 3292 malus
733 3250 794 3292 non

215 3315 267 3376 talis
283 3326 335 3396 est,
357 3327 391 3380 ut
417 3317 459 3379 sit
476 3317 594 3398 penitus
612 3313 793 3392 baereticuS,

239 3462 269 3531 (l)
285 3463 333 3516 Hos
351 3475 470 3518 auctores
488 3473 603 3516 recenset
626 3464 794 3531 biontagnua,

213 3535 297 3582 ⁰.cit.
337 3539 363 3584 b.

228 3545 270 3664 pli)
282 3534 412 3668 Sitsquidem
433 3599 576 3650 Concilium
594 3597 795 3658 Constantiearse,

215 3665 309 3716 otton.
323 3666 461 3718 Pontifices
477 3665 538 3716 Pius
561 3665 594 3725 V,
613 3673 639 3715 et
660 3664 798 3730 Gregorius

218 3727 273 3794 llll,
285 3733 391 3802 aliique,
409 3735 511 3800 quoties
528 3733 594 3785 rualc
618 3732 730 3783 sonantis
753 3748 796 3782 ne

215 3804 254 3847 tarn
269 3801 384 3863 inurunt,
403 3803 480 3852 toties
497 3799 529 3850 tle
541 3801 619 3850 altera
639 3799 739 3866 piarum
753 3815 796 3849 au·

217 3866 268 3916 rium
284 3868 423 3919 eliensivae
440 3869 526 3929 silent,
538 3876 564 3919 et
574 3867 714 3917 ricoverso.
727 3865 800 3929 Quae

216 3933 292 4004 agendi
313 3937 380 3987 ratio
402 3944 555 4002 argumento
577 3945 630 3984 esse
649 3931 752 3984 ridetur
768 3931 800 3983 de

217 3998 301 4051 illarum
318 4018 486 4054 censurarum
504 4002 648 4054 identitate.

219 4085 224 4093 ·
243 4071 274 4134 ld)
290 4069 353 4137 Cap.
366 4074 393 4132 7,
406 4078 456 4120 art.
469 4075 534 4136 5,n.
549 4073 573 4118 ’1.

242 4136 275 4202 ll)
291 4136 362 4201 Quae
380 4137 494 4187 declarat
505 4135 607 4187 duobus
623 4132 747 4200 exemplis
755 4131 801 4182 cit.

216 4210 303 4265 atteror,
314 4204 395 4255 altero
408 4204 488 4272 petito
500 4221 513 4254 a
527 4217 628 4272 propos.
642 4205 684 4260 50,
698 4200 803 4250 damna·

218 4271 235 4312 ta
249 4270 277 4320 ab
294 4271 439 4322 Alexandro
451 4271 525 4324 Vlll:
548 4269 749 4320 ‹Coniemionea
773 4283 803 4316 a·

218 4335 261 4409 pud
276 4338 406 4405 religiosos
425 4339 525 4401 laetae,
550 4337 689 4404 pleraeque
706 4335 747 4386 vel
764 4350 805 4385 aa·

216 4402 315 4472 cnlegae
331 4416 394 4458 aunt
406 4407 447 4457 ael
465 4405 593 4458 invalidae
599 4421 608 4468 ς
626 4419 693 4471 quae
709 4418 804 4470 prope-

220 4467 268 4520 sitio
290 4472 397 4590 (iuauit
414 4473 503 4542 ipse),
526 4472 591 4524 male
620 4470 734 4539 profecto
762 4487 805 4520 so·

219 4539 338 4596 uat,olian
359 4541 432 4609 itque
449 4539 516 4592 baud
542 4537 621 4590 dubie
638 4539 693 4607 pias
710 4553 806 4600 aures,

218 4597 270 4654 dum
282 4609 443 4675 saerilegium
461 4617 487 4659 et
503 4605 650 4658 invaliditas
666 4605 806 4656 contessio-

219 4681 272 4722 ttttot
289 4676 391 4726 retundi
411 4675 514 4728 ridetur
537 4675 563 4726 iu
581 4675 648 4742 ipsos
665 4673 806 4742 religiosos,

828 2483 940 2563 peritos
971 2490 1001 2544 et
1031 2481 1193 2542 malevolos
1223 2481 1346 2543 offendit
1370 2482 1428 2543 ali·

829 2566 947 2646 quando
980 2564 1165 2646 propositio,
1190 2583 1267 2645 quae
1300 2565 1427 2645 doctos,

829 2650 989 2730 prudentes
1002 2659 1031 2710 et
1047 2649 1206 2710 benevolos
1219 2667 1277 2710 non
1294 2648 1428 2710 ollendit.

830 2731 886 2804 Qui
905 2741 1059 2812 praeterea
1076 2740 1189 2807 monet,
1209 2731 1247 2792 ad
1262 2731 1432 2794 discernen-

831 2817 884 2877 das
893 2816 972 2876 male
988 2823 1129 2876 sonantes
1142 2822 1172 2876 et
1182 2815 1300 2895 piarum
1312 2814 1430 2876 aurium

832 2898 990 2961 offensivas
1003 2898 1224 2980 propositiones
1235 2897 1273 2959 ab
1288 2897 1338 2976 iis,
1355 2917 1433 2978 quae

833 2985 923 3045 hasce
941 2989 1028 3044 notas
1040 3000 1101 3043 non
1119 2990 1284 3059 merentur,
1301 3000 1362 3044 oon
1373 2999 1434 3045 case

832 3067 997 3130 bobcodom
1011 3066 1156 3129 rollonem
1166 3066 1250 3146 culpi
1257 3067 1432 3146 promiscui,

832 3151 996 3226 imbecillis,
1013 3151 1193 3230 perturbati,
1210 3151 1432 3229 imprudentis,

833 3235 1079 3314 scemorensis,
1109 3236 1231 3311 aiacem,
1246 3235 1312 3314 pii,
1333 3235 1435 3297 lucor-

834 3319 929 3400 ropti.
945 3319 1004 3382 Noc
1020 3319 1163 3400 tltoologo'o
1180 3321 1267 3382 modo
1284 3319 1437 3398 requiras·

835 3484 865 3518 ac
881 3468 902 3519 si
921 3465 1060 3518 earundem
1071 3466 1145 3518 rodis
1157 3467 1190 3518 sit
1207 3465 1373 3533 unico,quod
1387 3483 1437 3518 non

836 3536 898 3586 liant
914 3531 982 3600 apud
995 3535 1138 3585 sacerdotes
1155 3535 1317 3594 saeculares3
1333 3555 1344 3578 a
1359 3534 1439 3584 altero

838 3619 897 3653 vero
914 3601 1030 3668 exemplo
1047 3617 1061 3651 a
1079 3605 1112 3652 20
1135 3601 1245 3652 articulo
1257 3598 1371 3651 Wicleffi
1395 3599 1440 3650 da·

838 3678 924 3720 mnato
942 3684 956 3718 a
968 3667 1082 3719 Concilio
1094 3668 1281 3719 constantiensi
1294 3685 1301 3718 a
1319 3687 1330 3711 ι
1344 3665 1439 3718 Omnes

838 3745 898 3788 sunt
914 3736 1058 3800 simoniaci,
1077 3736 1122 3803 qui
1141 3751 1166 3786 se
1179 3734 1293 3800 obligant
1309 3750 1382 3785 orare
1394 3749 1441 3802 pro

838 3805 911 3867 aliis,
929 3801 1004 3854 eisin
1022 3803 1204 3871 temporalibus
1215 3801 1441 3866 subvenientibua;

839 3889 906 3939 quae
923 3871 1063 3940 propositio
1075 3879 1158 3938 posset
1175 3869 1206 3922 atl
1225 3886 1328 3920 sensum
1350 3885 1440 3920 anuum

841 3939 917 4000 trabi,
936 3938 957 3988 ai
974 3937 1006 3989 de
1024 3937 1207 4006 temporalibus
1229 3935 1443 3988 subventionibus

841 4007 1013 4073 intelligatur,
1036 4022 1102 4072 quoa
1119 4004 1215 4056 deutur
1239 4005 1265 4056 in
1290 4004 1444 4072 pnninnao·
1492 4040 1495 4046 ,

842 4075 957 4126 rationis.
975 4073 1147 4124 Nihilominus
1170 4071 1237 4124 dieta
1262 4072 1400 4139 propositio
1418 4073 1444 4124 in

841 4159 887 4193 aua
905 4141 1096 4194 universalitate
1113 4157 1188 4192 arares
1200 4142 1254 4208 pilas
1270 4138 1387 4202 oliendit,
1400 4149 1445 4192 ut·

843 4219 901 4278 pote
918 4224 985 4326 3⁰⁸⁰
1003 4209 1095 4260 avertit
1112 4207 1199 4259 iidelea
1216 4225 1229 4258 a
1249 4207 1297 4274 piis
1314 4205 1445 4274 operibus,

843 4293 876 4327 tte
893 4276 918 4327 vi
940 4276 1014 4327 elicet
1042 4275 1133 4327 divites
1159 4273 1334 4340 indigentibus
1350 4275 1446 4324 subve-

843 4346 933 4404 niant,
951 4342 1096 4411 indigentes
1119 4359 1178 4394 aero
1202 4342 1234 4393 ad
1257 4339 1382 4393 orandum
1400 4356 1446 4407 pro

845 4410 1051 4462 benefactoribus
1068 4427 1122 4462 sese
1140 4409 1270 4477 obligent3
1283 4407 1381 4458 etiamsi
1394 4423 1447 4458 non

845 4496 892 4547 per
908 4477 1012 4530 modum
1031 4479 1107 4546 pretii
1126 4477 1172 4528 ista
1197 4475 1331 4528 subventio
1349 4473 1446 4524 babea-

845 4555 899 4609 tur,
915 4544 959 4596 sed
978 4561 1025 4611 per
1035 4544 1139 4597 niodum
1150 4545 1336 4610 eleemosynae,
1356 4541 1396 4592 vul
1409 4549 1451 4592 et-

846 4615 897 4666 iarn
907 4611 1041 4682 stipendii.
1060 4671 1064 4683 ..
