3700 5659
389 491 427 552 it
908 501 947 546 ns
963 502 1032 547 rios

346 617 412 679 cap.
431 616 458 658 x1
484 614 557 656 suae
572 593 718 676 epistolae
730 591 767 654 ad
778 591 945 669 Hebraeos,
967 595 971 624 ¹
991 591 1118 655 firmiter
1135 596 1318 658 assentiatur
1334 596 1385 675 iis,
1401 616 1480 680 quae
1496 610 1604 666 sunta

346 681 494 743 adversari
515 689 688 739 novatorum
705 676 883 752 doctrinam,
898 696 948 755 pa·
992 676 1052 737 lleo
1068 679 1213 756 revelata;
1243 682 1300 742 hoc
1319 690 1421 744 taruco
1440 685 1601 748 discrimi-

346 765 502 828 tet.velex
522 763 597 844 ipsa,
634 780 722 840 quarn
743 759 843 834 tradit,
879 759 948 840 lutei
992 779 1040 835 ne,
1063 762 1143 840 quod
1163 776 1373 838 argnrneutom
1392 768 1501 830 suadet
1532 771 1604 832 evi-

347 849 532 923 definitione,
546 844 692 907 scribens:
705 846 864 906 ostonem
878 845 950 922 (ides
992 844 1276 924 delitiarationom,
1296 850 1371 911 noes
1404 862 1505 913 antem
1540 875 1603 914 an·

347 933 566 1012 sperandorum
584 930 753 992 susurrando
771 944 886 1001 rerunt,
900 945 952 988 or·
992 928 1130 988 ctoritate
1149 929 1198 990 llei
1220 933 1401 1009 reielantis3
1433 955 1603 1014 argumen-

347 1025 521 1096 9nmentum
542 1032 600 1074 nou
621 1013 844 1092 apparentium.
869 1009 951 1081 Quae
995 1020 1056 1072 tum
1073 1029 1135 1072 rem
1150 1014 1240 1075 efficit
1258 1026 1403 1096 apertam,
1416 1038 1495 1098 qnae
1515 1022 1604 1100 prius

349 1100 470 1180 quidem
492 1097 662 1176 verbaqnlrl
678 1095 759 1157 aliod
776 1095 833 1155 sibi
850 1095 953 1154 volout
993 1095 1177 1157 obscuritate
1196 1099 1319 1176 latebat,
1340 1102 1414 1163 fides
1433 1121 1503 1163 vero
1523 1125 1603 1165 con-

349 1184 407 1244 nisi
429 1183 503 1242 hoc:
526 1181 613 1242 Fides
632 1189 677 1240 εει
696 1178 893 1259 apprehensio
908 1196 955 1237 re·
993 1179 1153 1240 victionem
1169 1182 1466 1256 ellrcit,obscoritate
1480 1189 1602 1265 relicta,

350 1286 417 1328 rurn
438 1265 666 1346 sperandarum,
684 1262 761 1324 idest
779 1281 883 1322 eorum
902 1261 955 1321 bo·
995 1282 1029 1324 ex
1063 1282 1123 1341 qno
1150 1275 1231 1325 recte
1262 1285 1329 1327 eam
1355 1271 1487 1348 appellat
1518 1272 1604 1352 Apo-

351 1348 651 1428 norum,quaellcus
666 1345 954 1427 proponitinlntnro
996 1347 1092 1407 stolus
1117 1363 1326 1425 argumentum
1355 1370 1415 1411 nou
1449 1373 1605 1435 apparen-

351 1435 473 1496 saeculo
494 1431 688 1508 diligentibus
704 1450 748 1504 se,
767 1439 796 1490 et
808 1429 954 1490 convictio
997 1431 1072 1491 tium
1089 1431 1151 1509 (ιι).

352 1537 479 1593 eorum,
500 1534 578 1596 quae
597 1535 614 1575 a
634 1514 694 1576 Deo
724 1514 852 1574 revelata
872 1522 953 1586 suut,
1040 1515 1092 1574 at.
1116 1515 1226 1577 Deinde
1249 1518 1346 1596 pergit
1363 1519 1527 1598 Apostolus
1548 1542 1605 1584 ex-

353 1603 506 1663 humanae
525 1598 633 1660 rationi
651 1617 708 1658 non
726 1597 956 1678 apparentium?
999 1617 1110 1677 ponere
1129 1600 1262 1662 eiusdem
1293 1601 1363 1663 srdei
1394 1605 1532 1682 allectus,
1556 1609 1606 1668 di-

397 1685 436 1746 3⁰2
475 1683 578 1759 Sane,
613 1700 690 1761 qnae
723 1681 815 1742 latine
848 1681 958 1742 dicitur
999 1701 1081 1758 cens,
1104 1685 1354 1762 nosiutelligere,
1378 1685 1467 1763 idest,
1487 1709 1606 1767 coguo-

355 1769 536 1832 suhstautia.
557 1784 663 1843 graece
686 1774 731 1825 εει
747 1780 878 1841 terame,
902 1765 956 1844 hy·
1000 1784 1083 1826 scere
1105 1766 1359 1847 hde,aptutaesee
1378 1773 1604 1835 saecolaverbo

355 1852 496 1934 postasis,
514 1869 567 1912 seu
587 1848 792 1924 subsistentia,
815 1847 895 1908 basis
924 1867 958 1908 ac
1001 1848 1066 1924 llei3
1079 1849 1454 1932 hacliderlhelplurimam
1472 1857 1607 1918 hostiam

356 1936 583 1998 fundamentum
605 1952 704 1994 rerum
730 1933 957 2013 sperandarum,
1002 1952 1072 2012 prae
1090 1934 1161 1994 Cain
1182 1935 1327 1996 obtulisse
1353 1937 1438 2015 lle03
1461 1940 1517 2002 huc
1549 1943 1607 2002 fide

356 2021 429 2101 quia
449 2020 519 2080 lucit
538 2016 703 2079 subsistere
731 2018 761 2077 in
789 2016 875 2077 uobis
911 2035 960 2077 res
1000 2016 1063 2078 Noe
1083 2036 1227 2098 responso
1246 2030 1367 2100 accepto
1387 2023 1424 2082 de
1445 2024 1504 2102 his,
1526 2046 1607 2105 quae

357 2104 532 2186 sperandas:
546 2121 647 2164 verum
666 2101 696 2162 id
713 2121 771 2161 non
785 2101 886 2176 efficit,
902 2101 960 2161 nisi
1002 2101 1100 2162 adbuc
1125 2121 1184 2162 raon
1202 2103 1392 2177 videbantur,
1412 2106 1443 2166 id
1472 2117 1533 2180 est,
1555 2129 1607 2170 ac-

358 2197 507 2271 qua-denus
524 2205 575 2246 eas
594 2195 810 2264 repraesentat,
838 2204 961 2245 earum-
1002 2194 1088 2265 cepta
1114 2206 1131 2247 a
1162 2186 1221 2247 [leo
1239 2189 1421 2250 revelatione
1448 2191 1485 2252 de
1504 2194 1608 2254 loturo

359 2271 636 2351 quecoguitionem
657 2269 764 2343 ingerit
795 2269 962 2328 mentino-
1002 2269 1114 2328 diluvio
1138 2281 1320 2333 metuentem
1356 2285 1476 2353 aptasse
1504 2296 1608 2337 arcam

359 2365 450 2415 strae.
472 2352 645 2414 Substantia
664 2353 755 2430 igitur
776 2370 876 2412 rerum
896 2371 963 2431 spe·
1003 2352 1032 2411 in
1046 2353 1195 2428 sulutem;
1216 2355 1270 2416 hac
1289 2355 1346 2417 side
1365 2358 1517 2420 Abraham
1535 2361 1609 2421 obe·

359 2439 521 2499 randarum
555 2445 601 2498 est
629 2436 784 2511 cognitio,
807 2454 884 2514 quae
910 2453 963 2514 per
1003 2435 1112 2498 divisse
1130 2438 1247 2500 divinae
1269 2440 1332 2500 voci
1352 2459 1422 2501 eum
1452 2442 1489 2502 de
1509 2445 1609 2524 patria

360 2522 448 2582 fidem
470 2522 577 2594 oritur,
609 2527 639 2580 et
657 2519 856 2600 apprehensio
878 2519 961 2579 lutu-
1003 2521 1149 2598 evocanti,
1170 2532 1200 2581 et
1216 2522 1312 2584 exisse
1332 2525 1527 2601 nescientem,
1547 2547 1607 2607 quo

361 2625 464 2667 rorum
484 2607 643 2680 bonorum,
664 2603 805 2683 illiusque
824 2603 963 2663 baeredi—
1003 2604 1071 2680 iret,
1093 2613 1122 2665 ει
1140 2605 1327 2667 demoratum
1346 2607 1377 2668 iu
1398 2617 1476 2670 terra
1496 2629 1606 2692 repro·

363 2690 444 2760 tatis,
465 2690 607 2768 adquam
627 2687 721 2748 vorati
740 2706 856 2763 sumus,
877 2686 964 2747 ouius
1004 2688 1157 2749 missionis
1189 2692 1517 2770 tanqnnminaliena3
1555 2698 1609 2756 hac

361 2773 483 2854 quidem
505 2772 664 2854 specialem
685 2772 866 2832 mentionem
894 2771 965 2831 lucit
1004 2772 1061 2832 inle
1079 2771 1181 2834 Serani
1198 2775 1373 2856 concepisse
1389 2787 1509 2856 praeter
1535 2788 1610 2840 tem·

362 2859 536 2938 Apostolus,
553 2856 625 2936 qnia
645 2855 837 2936 praecipuum
849 2854 964 2916 consti-
1005 2875 1061 2936 pus
1075 2858 1192 2934 aetatis,
1205 2878 1241 2919 eo
1260 2859 1341 2938 quod
1355 2860 1517 2923 crediderit
1537 2864 1609 2923 fide·

364 2943 420 3003 tuit
436 2941 570 3003 eiusdem
590 2939 658 3000 [idei
677 2939 827 3000 obiectum
846 2940 907 3018 (l).
1005 2941 1064 3000 lem
1082 2959 1164 3018 eum,
1192 2941 1244 3022 qni
1275 2944 1501 3023 repromiserat,
1527 2965 1607 3007 euu-

406 3028 458 3086 33.
480 3025 606 3086 Additur
617 3031 729 3084 antem:
747 3024 963 3100 Argumentum
1006 3023 1135 3103 demque
1155 3025 1305 3087 Abraham
1324 3027 1472 3090 obtulisse
1497 3029 1607 3106 lsaac,

366 3110 486 3187 (graece
504 3121 606 3182 ἔλεγχος,
627 3107 773 3184 ostensio)
795 3125 852 3166 uon
871 3126 965 3186 appa·
1007 3126 1074 3167 cum
1095 3117 1273 3183 tentaretur,
1293 3111 1488 3173 arbitranlem
1509 3161 1517 3188 ,
1538 3115 1611 3194 quia

365 3193 508 3267 rentium,
529 3191 617 3264 idest,
642 3198 675 3250 ut
688 3190 903 3270 praeeuntibus
918 3209 966 3250 ec·
1007 3191 1168 3252 amortuis
1186 3193 1331 3255 suscitare
1344 3205 1451 3274 potens
1463 3197 1609 3274 estlleus,
1681 3188 1682 3235 Τ

365 3276 474 3336 etesiae
515 3273 652 3334 Patribus
692 3274 905 3353 iuterpretatur
938 3291 965 3333 ε.
1009 3293 1063 3334 ηεε
1092 3274 1292 3353 dubitantem,
1325 3278 1426 3340 irritas
1455 3279 1610 3361 lorepro-
1681 3326 1682 3345 t

365 3359 510 3435 Thomas,
528 3357 742 3418 demonstratio
762 3365 792 3418 et
819 3356 966 3418 convictio
1009 3358 1169 3419 missiones
1182 3360 1297 3421 divinas
1308 3361 1436 3438 ingentis
1453 3369 1612 3443 posterita-

365 3463 483 3519 eorum,
504 3460 582 3524 qnae
601 3459 659 3500 non
678 3441 915 3521 conspiciuntur,
930 3459 966 3501 eo
1008 3441 1047 3502 tis
1065 3443 1224 3523 peripsum
1240 3445 1462 3525 suscipiendae.
1476 3446 1612 3518 Quorum

366 3529 447 3608 quud
460 3527 630 3588 intellectus
640 3525 733 3586 nostri
748 3534 865 3605 captum
880 3525 967 3601 louge
1008 3527 1120 3588 similia
1139 3529 1233 3590 multa
1251 3528 1288 3589 de
1307 3529 1416 3590 eximia
1431 3529 1543 3607 lacobi,
1571 3533 1612 3593 lo-

366 3613 524 3674 excednnt.
553 3609 683 3687 Etenim,
705 3619 793 3690 prout
810 3618 896 3670 acute
912 3608 968 3668 ad·
1009 3611 1106 3692 sephi,
1128 3609 1228 3688 llusis,
1242 3612 1434 3694 aliorumque
1448 3614 1612 3691 insignium
1681 3672 1682 3675 ,

365 3707 451 3758 notat
469 3716 494 3757 s.
517 3695 637 3770 Doctor,
672 3703 882 3772 argumentum
920 3692 968 3752 hic
1008 3695 1117 3755 veteris
1134 3697 1304 3757 testamenti
1334 3698 1466 3759 virorum
1494 3699 1552 3762 fide
1583 3701 1611 3760 iu

365 3781 489 3862 ponitur
504 3799 558 3861 pro
584 3778 753 3856 argumenti
782 3779 888 3839 ellectu
907 3797 915 3853 3
936 3786 969 3837 ut
1009 3778 1144 3840 eiusdem
1163 3779 1270 3861 capitis
1298 3780 1428 3844 decursu
1450 3785 1611 3866 prosequi-

366 3866 446 3926 euim
478 3872 687 3939 argumentum
723 3862 805 3939 lacit,
837 3869 870 3922 ut
900 3861 969 3942 quis
1010 3871 1070 3924 tur.

367 3945 968 4025 convincatnrdeeliquaverimto,quam
1053 3947 1104 4007 35.
1132 3944 1249 4015 Quibus
1267 3949 1459 4028 praemissis,
1481 3951 1525 4013 sic
1553 3950 1610 4012 iam

368 4042 456 4093 antea
473 4039 656 4110 perspectam
676 4047 735 4089 uon
756 4028 896 4103 habebat,
929 4031 969 4089 lta
1010 4029 1197 4091 adversarios
1217 4034 1445 4111 perstringimus
1465 4055 1473 4096 ι
1497 4044 1611 4096 certum

369 4116 442 4178 soles
462 4114 562 4192 efficit,
590 4121 622 4174 ut
641 4111 770 4174 hominis
800 4113 970 4174 intellectus
1010 4127 1067 4191 est,
1085 4114 1128 4175 ibi
1145 4118 1314 4197 apostolum
1334 4137 1504 4181 sermonem
1524 4120 1612 4181 babe-

403 4298 442 4364 (ι)
463 4297 583 4365 Apposite
601 4295 727 4346 Rcrrrard.
757 4311 770 4344 a
798 4295 901 4345 l’icouiu
925 4294 971 4345 ad·
1010 4297 1179 4348 scortantium
1209 4299 1332 4352 auiuvare.
1362 4299 1437 4351 ritu
1466 4300 1555 4368 itaque
1578 4304 1615 4348 cst

369 4375 438 4416 ttotnt
459 4365 484 4416 in
507 4368 559 4415 srvis
577 4381 670 4415 carum.
691 4364 715 4412 in
739 4363 808 4414 hunc
826 4365 874 4413 loc.
900 4363 969 4429 quud
1010 4368 1082 4432 qumi
1100 4366 1205 4425 ocrrlus,
1226 4368 1265 4417 vol
1285 4368 1358 4436 naresi
1376 4370 1489 4435 dioptrn,
1508 4384 1558 4434 quo
1577 4381 1615 4442 ros

368 4432 433 4482 fidos
450 4435 483 4486 sit
499 4435 577 4484 otium
596 4449 681 4482 rernm
701 4431 870 4481 tinumdmrnu
889 4447 914 4480 v.
929 4448 970 4496 gr.
1012 4434 1193 4483 remotissimae
1205 4442 1229 4481 ut
1241 4435 1303 4487 alins
1317 4452 1367 4486 tion
1380 4445 1615 4505 apiparctttosquart
1680 4452 1681 4487 3

369 4499 480 4565 inlor·ni;
504 4501 546 4550 srrl
566 4498 747 4568 desperandis
766 4510 864 4549 tautum
888 4499 970 4564 lnqui—
1012 4501 1139 4567 prusinum
1153 4500 1284 4554 videntur.

369 4575 413 4618 tur·
432 4568 580 4636 Apostolus,
598 4571 658 4634 quin
678 4583 723 4632 pm
742 4567 842 4617 illorum
861 4568 970 4616 existun-
1045 4569 1084 4634 (2)
1104 4568 1137 4632 ll,
1156 4572 1182 4632 2,
1201 4586 1228 4636 tp,
1242 4573 1269 4633 b,
1287 4574 1337 4622 ert.
1353 4574 1378 4622 l.

369 4637 429 4687 tiam
447 4645 473 4688 ct
490 4646 621 4704 aspectum
640 4637 695 4687 volt
713 4633 841 4686 Hebraeos
858 4632 890 4685 ad
909 4650 971 4702 per-
