3700 5659
389 451 449 514 ΙΙΟ
906 469 945 512 nn
962 469 1030 514 rma

342 581 410 639 eos,
429 561 506 622 ratio
526 557 664 622 habenda
682 567 729 623 est
752 559 878 627 istorum
896 560 944 622 di·
963 579 1139 652 pperaersus
1154 569 1207 640 est,
1227 572 1271 640 ut,
1289 561 1440 644 quidquid
1454 547 1582 642 treverii,

342 645 533 727 spositionis.
553 643 709 723 Profecto,
731 644 757 707 si
780 643 836 724 ipsi
859 645 945 706 inve·
985 647 1160 712 senteutiam
1178 665 1241 708 uon
1263 656 1384 710 mutare
1413 647 1582 721 decreuerit,

343 728 501 806 stigandae
524 746 559 789 ao
584 727 692 789 melius
722 729 945 806 cognoscendae
986 747 1041 791 cur
1058 732 1175 810 frustra
1194 731 1309 794 laboras
1336 732 1371 792 iu
1404 737 1524 808 petram
1544 747 1585 791 se·

346 811 480 874 veritatis
491 811 590 872 studio
599 821 853 892 permoverentur,
863 829 946 880 com·
987 831 1055 874 meu
1073 813 1184 875 iaciens
1201 813 1266 892 (ὃ).Ι
1294 814 1331 876 m
1361 831 1390 874 s.
1424 811 1586 874 Bernardus

348 895 517 957 mandanda
529 895 586 956 erit
604 913 671 956 oum
693 896 754 957 illis
768 894 943 975 disputatio.
988 896 1088 956 subdit
1106 897 1142 958 de
1160 897 1331 958 haereticis:
1346 897 1411 959 Nec
1427 895 1587 958 rationibus
1667 921 1668 924 ¹

345 978 434 1050 Quod
451 978 477 1039 si
494 978 596 1039 nullus
609 997 649 1040 er
677 978 813 1060 ipsorum
833 988 948 1058 proter·
987 981 1217 1056 convincuatur,
1235 981 1305 1057 quia
1323 998 1386 1041 aon
1405 978 1590 1058 intemperie

346 1064 396 1124 via
414 1070 444 1123 et
460 1071 579 1122 tumore
596 1063 713 1124 tructus
727 1071 807 1124 esset
824 1081 949 1142 speran·
988 1079 1041 1124 uec
1052 1063 1278 1124 auctoritatibus
1293 1065 1512 1142 cumputetur,
1529 1064 1591 1138 quia

346 1147 416 1222 dns,
438 1146 622 1226 experientia
648 1146 742 1222 duce,
762 1145 860 1206 omnis
879 1164 947 1206 cum
988 1163 1050 1206 nou
1069 1147 1245 1225 racipiuut;
1266 1165 1319 1208 uec
1342 1146 1515 1226 decertatur
1532 1163 1592 1206 sua·

351 1231 510 1292 haereticis
527 1228 676 1290 eiusmodi
700 1228 875 1308 disceptatio
898 1245 948 1290 cs·
988 1231 1132 1305 sionibus,
1154 1231 1224 1308 quia
1240 1231 1374 1292 subversi
1393 1228 1546 1307 eunt(6)3
1565 1236 1594 1287 ut

347 1322 397 1375 set
415 1312 603 1390 declinanda,
623 1331 701 1391 quae
719 1313 814 1388 magis
826 1330 877 1374 eos
897 1312 951 1373 oh·
990 1313 1066 1373 alios
1089 1322 1287 1392 praeteream.

350 1398 483 1458 firmaret
498 1396 528 1456 in
546 1395 609 1456 suis
624 1396 792 1456 erroribus.
815 1393 880 1466 Quo
898 1413 949 1456 re·
1033 1397 1105 1458 sto.
1137 1395 1350 1457 Verumtamen
1373 1402 1486 1456 monet
1505 1412 1531 1454 s.
1554 1393 1601 1455 Ιοί·

351 1479 588 1541 leruntarverha
603 1478 951 1558 Apostolizllaereticum
991 1477 1230 1558 chrysostomus,
1256 1497 1317 1539 non
1342 1497 1413 1540 csse
1434 1477 1527 1540 laoile
1548 1495 1595 1538 scu

348 1563 499 1625 bominem
525 1570 592 1642 post
619 1580 711 1624 uuam
736 1571 765 1624 et
792 1565 952 1624 secundam
992 1561 1091 1624 statim
1123 1561 1357 1643 desperandum,
1378 1561 1438 1624 sed
1459 1578 1595 1642 perseve-

348 1647 566 1725 oorreptioucm
583 1646 682 1707 deuito
697 1645 757 1725 (l),
779 1654 809 1706 et
827 1645 949 1707 iterum:
992 1645 1117 1706 randum
1132 1665 1197 1708 esse
1217 1645 1374 1726 patienter,
1387 1644 1596 1726 quiavarhum

352 1730 423 1792 Noli
434 1729 953 1800 contenderemrbis;aduibileuim
993 1729 1046 1790 Dei
1061 1729 1181 1808 saepius
1200 1729 1358 1810 repetitum
1377 1730 1463 1790 solet
1483 1727 1595 1788 tandem

268 1865 271 1870 .
353 1813 581 1889 subterranea·
606 1814 646 1874 od
667 1813 882 1875 subversionem
900 1829 954 1874 au·
993 1811 1154 1892 aliquando
1177 1813 1294 1894 operari
1308 1812 1368 1892 (Ι).
1390 1812 1461 1874 lma
1479 1819 1511 1872 et
1531 1809 1598 1872 illud

351 1895 573 1976 dieutiumld).
593 1894 710 1966 Quibus
735 1896 829 1957 innixi
852 1893 954 1957 Patres
995 1895 1084 1970 addo,
1098 1895 1279 1975 quandoque
1297 1895 1361 1956 lieri
1373 1914 1482 1976 posse,
1498 1901 1531 1955 ut
1545 1911 1597 1953 non

354 1979 503 2041 eiusmodi
522 1979 738 2060 disputationes
757 1979 868 2061 passim
898 1979 956 2040 im·
996 1978 1078 2040 omni
1102 1980 1202 2040 lructa
1221 1987 1342 2040 careant
1369 1977 1530 2040 eiusmodi
1555 1975 1597 2036 di-

354 2063 536 2144 proharant3
558 2062 589 2122 in
608 2062 656 2125 his
683 2063 887 2125 Tertullianus
913 2065 956 2124 De
996 2062 1203 2142 sputationes3
1224 2062 1312 2142 quia,
1339 2062 1396 2124 etsi
1429 2062 1598 2141 disceptans

351 2149 531 2226 praescript.
546 2147 657 2209 haeret.
675 2167 742 2228 cap.
763 2147 803 2207 t5
820 2165 906 2228 seqq.
921 2165 956 2207 ei
996 2145 1178 2222 indurescat,
1207 2147 1244 2206 ab
1271 2145 1471 2206 audientibus
1499 2145 1597 2206 saltem

355 2231 492 2310 professo
511 2229 599 2290 docet
620 2249 681 2291 non
707 2249 774 2292 esse
793 2230 957 2290 admitten-
997 2229 1111 2290 lruotus
1123 2237 1369 2310 speraturautex
1382 2228 1597 2290 nonnullorum

354 2313 411 2374 dos
430 2313 597 2374 haereticos
619 2313 657 2374 ad
673 2313 904 2393 disputationem
920 2313 957 2374 de
998 2312 1192 2374 conversione
1209 2313 1279 2393 (8),
1301 2321 1352 2373 aut
1372 2331 1408 2374 cx
1432 2310 1597 2374 catholico-

355 2394 520 2475 Scripturis
538 2395 632 2456 saeris
644 2397 705 2476 (3).
734 2395 887 2458 Cuiusrei
906 2414 958 2456 ra·
998 2414 1063 2456 rum
1087 2395 1332 2473 confirmatione,
1366 2405 1419 2457 aut
1439 2396 1535 2458 ctiam
1567 2410 1598 2452 er

357 2479 470 2540 tionem
493 2478 613 2540 exhibet
630 2478 883 2557 sghugustinus,
910 2479 958 2539 di·
999 2479 1109 2539 minori
1126 2479 1348 2540 haereticorum
1364 2479 1509 2542 andacia.
1532 2475 1604 2536 ittae

357 2580 447 2623 oens:
464 2564 532 2625 Non
542 2561 770 2642 disputationem
779 2565 883 2624 amavi
892 2559 974 2624 liae-²*
999 2580 1024 2623 s.
1044 2561 1225 2623 Bernartius:
1246 2563 1322 2640 Etsi,
1344 2563 1477 2640 scribit,
1506 2563 1598 2624 baere-

360 2646 466 2721 retici,
486 2647 536 2706 sed
558 2662 672 2724 quoquo
698 2647 784 2708 modo
817 2664 960 2726 superare
1000 2646 1075 2707 ticos
1094 2663 1156 2707 non
1174 2655 1281 2726 carpat
1299 2649 1334 2709 de
1355 2648 1454 2726 foece,
1477 2643 1598 2708 Ecclesia

250 2735 254 2742 '
359 2729 622 2808 impudentissima
632 2730 819 2809 pertinacia,
840 2737 873 2791 ut
892 2747 961 2792 con-
1002 2739 1099 2792 tamen
1116 2731 1316 2808 confirmatur
1327 2731 1360 2791 ia
1377 2732 1436 2809 fide
1446 2730 1511 2809 (9).
1528 2724 1598 2796 Quo-

357 2821 494 2894 prepeut,
512 2813 914 2894 qitoeuonpepereruut(l),
932 2823 961 2874 et
1001 2812 1080 2873 circa
1109 2813 1250 2874 catholici
1279 2811 1334 2873 viri
1358 2813 1556 2875 laudabiliter
1572 2825 1599 2868 se

359 2917 387 2958 s.
402 2895 445 2958 10.
455 2895 682 2977 chrysostomus
696 2898 727 2958 in
741 2896 815 2960 illud
827 2897 961 2979 Apostoli
1001 2896 1158 2957 conserunt
1173 2896 1211 2957 ad
1221 2895 1315 2958 libros
1330 2897 1523 2972 scribendos,
1541 2890 1599 2973 qai·

358 2981 399 3041 ad
420 2979 542 3042 Titum:
577 2983 768 3044 Haereticam
799 2982 959 3056 homiuem,
1002 2979 1058 3041 hus
1077 2987 1106 3040 et
1123 2979 1299 3041 catholicam
1330 2979 1500 3042 doctrinam
1534 2977 1598 3037 illu·

360 3074 437 3140 etc,
457 3065 674 3141 decimationes,
709 3063 829 3144 inquit,
857 3059 962 3126 contra
1002 3070 1107 3139 strent,
1126 3071 1155 3125 et
1169 3063 1311 3125 adversus
1328 3063 1500 3124 haereticos
1516 3068 1545 3122 et
1559 3060 1597 3120 in-

361 3148 521 3209 baereticae
538 3147 612 3208 dicit
628 3149 852 3221 csseoitaudas,
871 3157 908 3209 ut
924 3165 962 3209 ue
1002 3147 1140 3208 credulos
1160 3146 1337 3224 defendant,
1356 3147 1425 3208 licet
1446 3147 1483 3210 de
1502 3159 1598 3206 eoram

359 3232 479 3310 sivistra
497 3231 677 3306 laboremus,
693 3248 761 3292 oum
787 3231 863 3291 atati
894 3231 964 3292 hina
1003 3230 1199 3292 conversione
1232 3249 1292 3292 non
1325 3231 1455 3292 multam
1485 3241 1598 3308 sperare

362 3315 442 3376 livori
454 3314 623 3392 proveniat;
647 3314 718 3392 finis
733 3314 814 3374 enim
828 3314 861 3374 in
878 3314 963 3375 uibi—
1003 3314 1129 3392 possint.
1149 3313 1267 3394 Aliquis
1292 3313 1373 3376 enim
1396 3329 1519 3396 semper
1546 3310 1599 3372 iru-

362 3400 427 3460 tum
445 3396 585 3459 vertitur.
611 3397 687 3460 Cum
716 3398 798 3480 enim
827 3397 892 3477 quis
918 3399 964 3460 ita
1004 3404 1068 3458 ctus
1084 3397 1235 3475 colligitur
1253 3397 1335 3478 (lb).

412 3577 435 3643 Ι)
447 3577 499 3630 Tit.
513 3578 561 3641 ΙΙΙ,
582 3564 638 3632 toi·
898 3612 901 3618 ·
934 3535 945 3550 ΙΙ
1007 3578 1059 3628 «Si
1078 3578 1145 3629 onim
1165 3576 1302 3644 piscatores
1313 3595 1389 3646 saepe
1408 3559 1607 3697 postqua'm'toiai

408 3647 435 3713 Ι)
447 3648 480 3708 ΙΙ,
493 3646 561 3698 Tim.
571 3649 605 3709 ll,
618 3650 667 3698 ihc
695 3713 697 3715 ‚
1004 3644 1045 3695 die
1064 3647 1126 3697 retia
1140 3647 1235 3696 lrustra
1254 3647 1382 3709 iecerunt,
1406 3663 1456 3696 non
1490 3645 1606 3711 esperaah

397 3715 589 3780 (diditionem
614 3730 676 3764 vero
699 3712 805 3780 praehet
830 3730 888 3781 cnp.
914 3719 964 3775 ΙΙ,
1005 3721 1105 3776 lanien3
1131 3713 1309 3780 multomagis
1336 3713 1362 3764 id
1387 3713 1460 3766 nobis
1477 3706 1605 3764 convenil·-

361 3781 494 3832 scribens:
510 3782 661 3847 «Quoniam
678 3783 742 3832 nihil
761 3781 877 3848 proficiet
901 3799 965 3832 con-
1006 3778 1071 3830 Vide
1090 3794 1211 3848 namque,
1230 3780 1292 3848 quid
1313 3781 1373 3832 inde
1389 3789 1533 3849 sequatur3
1553 3787 1600 3824 rra·

364 3850 463 3915 gressio
480 3850 682 3917 Scripturaium,
700 3849 749 3900 nisi
767 3849 842 3916 plane
859 3847 891 3900 ad
910 3859 966 3900 sto·
1006 3863 1038 3914 pe
1049 3847 1186 3915 contingit,
1205 3856 1234 3898 ut
1246 3858 1301 3916 post
1317 3848 1459 3900 doctrinam
1471 3847 1597 3915 assiduam

368 3915 463 3976 machi,
487 3932 538 3983 que
557 3917 635 3979 ineat,
653 3917 821 3976 eversionem,
838 3927 967 3967 antcere-
1005 3915 1138 3966 doctrinae
1168 3924 1281 3967 aratrum
1311 3917 1337 3966 in
1364 3915 1522 3983 profundum
1550 3924 1598 3960 arii-

365 3981 417 4033 hri,
430 3980 461 4032 m
476 3991 562 4032 tamen
575 3983 654 4034 nostri
667 3992 835 4048 protestantes
844 3992 966 4035 consten-
1007 3997 1062 4034 mae
1092 3990 1243 4048 penctrans,
1268 3983 1359 4034 vitium
1390 3983 1544 4050 perturbans
1560 3989 1599 4025 ex·

366 4057 407 4098 ter
423 4064 470 4099 nos
482 4049 661 4116 provocentad
675 4052 761 4113 bibita,
774 4054 806 4100 ad
815 4055 869 4100 rata
880 4053 967 4112 biblia,
1006 4048 1117 4102 scindat.

366 4116 400 4165 ita
419 4119 503 4166 umen
521 4124 551 4166 ut
577 4133 606 4166 ea
634 4117 743 4183 intelligi
761 4116 873 4170 debeant
898 4121 968 4170 iuxta
1040 4117 1080 4184 (8)
1092 4115 1129 4166 lta
1142 4113 1542 4168 Bossuetuseonvicitdnminsm
1553 4107 1599 4180 Du}

367 4184 470 4250 propria
490 4184 602 4248 ipsorum
619 4183 734 4248 placita!
1007 4200 1060 4246 ras,
1082 4183 1264 4240 Calvinistam,
1294 4199 1340 4249 per
1362 4182 1544 4238 collationem,
1563 4185 1599 4225 ⁰¹¹¹

401 4250 440 4315 (lt)
458 4249 515 4301 Lib.
529 4256 561 4300 itt
578 4255 656 4301 contr.
675 4249 759 4301 Fumi.
1007 4252 1061 4318 ipsa
1079 4250 1223 4313 adstiterat,
1247 4265 1305 4301 cum
1320 4249 1436 4302 Claudio.
1460 4249 1500 4300 (ΙΙ.
1519 4245 1598 4306 llari·

401 4318 440 4384 (5)
453 4317 528 4370 llnm.
543 4316 575 4370 Vl
600 4318 627 4368 in
651 4333 709 4385 cap.
734 4317 780 4379 ΙΙΙ,
798 4332 841 4384 ep.
859 4316 891 4367 ad
915 4317 969 4370 Tit.
1009 4322 1196 4369 testantcstmoe
1210 4321 1235 4368 la
1246 4321 1330 4382 repnte
1343 4320 1368 4367 di
1381 4319 1445 4380 (cde,
1457 4325 1518 4368 toni.
1543 4316 1564 4372 lv
1575 4321 1598 4374 Ι·

367 4400 395 4436 n.
420 4390 444 4436 l.
685 4388 687 4392 ’
1009 4391 1023 4436 2
1055 4402 1083 4434 ca
1107 4391 1154 4446 ,Ι,
1177 4389 1266 4436 art.2.

402 4451 439 4518 (6)
451 4450 535 4502 Serm.
548 4454 581 4502 66
599 4450 625 4500 in
638 4449 712 4502 Cant.
724 4463 761 4507 at.
780 4452 821 4500 ta.
1027 4403 1176 4518 ³(blpscrm.
1191 4455 1224 4503 co
1236 4455 1262 4501 ivr
1273 4450 1348 4501 Ceut.
1363 4465 1391 4500 n.
1404 4453 1430 4501 9.

402 4521 441 4584 (7)
455 4518 531 4570 Hom.
550 4518 585 4570 Vl
597 4519 623 4570 in
636 4519 658 4568 ll
672 4517 704 4579 ad
715 4516 829 4568 Timoth.
842 4533 870 4568 n.
883 4521 910 4578 Ι,
924 4517 970 4568 ubi
1043 4521 1098 4584 (to)
1112 4519 1151 4571 Gi.
1173 4519 1325 4570 Ger-soniam
1343 4519 1368 4566 in
1391 4524 1466 4567 tract.
1492 4515 1525 4567 De
1541 4508 1600 4562 lauit

367 4583 440 4636 inter
458 4596 551 4652 cetera,
575 4594 600 4636 et
630 4585 691 4639 herc
708 4585 841 4655 praeclare
858 4584 969 4638 scribit:
1010 4591 1169 4652 scriptorum,
1187 4589 1214 4638 in
1228 4601 1279 4654 ipae
1290 4600 1337 4653 pcr
1355 4579 1602 4634 totidemconsidera·
