3700 5659
755 503 849 550 canuc
867 509 910 554 111.
1354 500 1415 563 165

206 592 237 647 et
255 583 389 647 alienum
409 603 430 681 a¹
450 596 567 683 patrum
592 592 749 672 doctrina,
770 594 816 656 in·
855 598 961 675 mnati,
979 600 1079 680 quoad
1094 621 1158 682 eos,
1171 604 1295 686 quiiam
1314 616 1385 670 sunt
1398 608 1476 670 rita.

206 681 255 731 ter
273 687 353 748 quos
376 680 449 731 satis
478 683 517 734 srt
545 678 635 738 verba
657 679 764 740 alierre
787 697 813 740 s,
854 682 961 744 suncti.

205 753 377 831 Rernardi,
408 755 459 835 qui
485 759 608 822 scribit:
643 764 738 824 Amor
763 763 816 825 isto
897 767 950 828 ts.
980 767 1088 832 Paucis
1113 790 1168 834 nos
1192 773 1231 836 ab
1249 773 1296 836 bis
1316 774 1463 857 expedie-

207 839 442 934 meritoprotas,
456 843 725 924 prriaprotnitos...
739 847 817 922 Quu—
856 869 936 928 mus,
956 861 1059 932 utpote
1077 875 1155 936 qnae
1172 857 1219 917 rix
1236 857 1268 920 in
1284 867 1461 922 controver-

210 927 247 988 lis
265 932 430 1002 suscipitur
449 925 486 1004 (a
505 926 606 1008 Deo),
625 931 693 992 talis
711 940 737 992 ct
751 933 819 994 red·
858 934 934 996 siam
955 937 1085 1000 veniant.
1107 940 1219 1020 Ecquis
1236 941 1317 1004 enim
1336 941 1464 1005 dubita-

209 1008 470 1082 nitorimenta
485 1011 527 1073 sic
541 1015 818 1091 ambulantium
857 1019 898 1080 rit
916 1038 1061 1100 unquam,
1083 1023 1114 1084 in
1134 1024 1222 1088 iustis
1240 1045 1324 1106 spem
1343 1035 1405 1088 tum
1429 1025 1465 1088 in

205 1095 359 1175 profecto,
380 1111 468 1189 quum
488 1107 607 1192 amotos
625 1107 680 1179 est,
713 1107 818 1162 ornat:
858 1103 977 1181 babitu,
993 1113 1055 1166 tum
1069 1106 1101 1168 in
1116 1117 1184 1170 actu
1199 1110 1377 1187 subsistere,
1392 1129 1462 1172 cnm

210 1196 361 1259 quaerens
378 1187 407 1240 ct
425 1195 485 1257 ipse
499 1183 644 1259 uicissim,
664 1201 727 1246 raon
746 1201 819 1261 quoe
860 1195 921 1248 tota
936 1188 1069 1268 ipsorum
1086 1191 1144 1253 rita
1156 1192 1198 1254 nil
1211 1193 1292 1255 aliud
1306 1195 1356 1272 sit,
1370 1214 1464 1275 quarn

209 1283 266 1326 sac
300 1271 399 1338 sunt,
425 1263 477 1324 sed
498 1269 655 1343 quotiesc
684 1268 818 1344 Christi,
860 1273 1024 1352 expectatio
1042 1275 1189 1354 quaedam
1216 1296 1251 1340 ac
1279 1277 1465 1340 desiderium

212 1349 464 1428 quemadmodum
482 1349 531 1411 ille
561 1360 678 1427 nostru,
699 1353 744 1414 vel
765 1370 820 1432 po·
860 1357 963 1417 etbcax
980 1365 1120 1420 aeternae
1137 1361 1231 1423 ritae?
1253 1361 1314 1424 llac
1330 1362 1412 1424 euim
1427 1381 1469 1424 an

213 1434 274 1496 tius
292 1451 360 1509 nos,
376 1440 403 1494 ct
420 1449 481 1494 noa
492 1450 548 1496 suu
563 1436 745 1513 quaesiuit...
763 1438 822 1498 Do·
860 1440 965 1500 lontur
977 1441 1016 1502 ad
1027 1443 1166 1506 salutem.

212 1520 299 1580 mino
317 1518 497 1597 cortfitcittr,
519 1536 580 1580 nort
599 1520 740 1597 quoniam
764 1520 822 1583 sibi
903 1525 956 1586 tlt.
992 1522 1041 1587 Sic
1071 1527 1108 1589 de
1132 1529 1341 1608 peccatoribus
1366 1529 1470 1592 tideli-

215 1605 313 1665 bonus
339 1609 397 1676 est,
423 1601 473 1662 sed
497 1605 637 1680 quonium
656 1607 748 1668 bonus
767 1612 819 1666 est.
863 1608 919 1670 bus
955 1610 1066 1688 ambigi
1100 1613 1228 1693 nequit,
1269 1613 1330 1676 illis
1367 1614 1469 1676 inesse

214 1685 820 1767 HicoerediliqitDerrmproptcrlleum,
864 1693 928 1772 spei
960 1693 1120 1773 habitum,
1152 1697 1297 1777 qui-non
1319 1698 1473 1761 amittitur

215 1790 278 1832 non
298 1778 423 1848 propter
441 1769 580 1848 seipsum
597 1771 657 1851 (l).
685 1771 823 1852 (tuapro-
864 1795 917 1857 per
946 1786 1101 1857 peccatum
1143 1780 1194 1860 (si
1227 1782 1359 1864 excipias
1394 1800 1467 1863 pec-

216 1865 284 1935 pter
303 1855 357 1914 illo
373 1861 532 1948 praecepto
560 1855 724 1916 includitur
738 1865 823 1918 utra·
865 1869 964 1922 catum
974 1861 1193 1943 desperationis
1202 1866 1350 1944 formalis3
1363 1885 1474 1946 quem·

217 1958 276 2019 que
298 1937 432 2015 dilectio,
451 1945 512 2000 tum
528 1939 621 2018 magis
643 1948 706 2002 tum
724 1940 825 2002 minus
865 1944 1026 2006 admodum
1046 1965 1106 2008 non
1122 1947 1286 2010 destruitur
1303 1950 1474 2013 babitussr-

217 2024 354 2105 pertecta
370 2021 431 2102 (d).
798 2046 804 2051 ·
829 2075 834 2087 .
866 2027 938 2104 dei,
970 2029 1029 2091 nisi
1057 2049 1112 2112 per
1138 2031 1390 2113 infidelitatem).
1414 2033 1471 2094 sed.

555 2125 559 2134 ·
613 2165 621 2188 ,
866 2122 1043 2192 permanet,
1064 2133 1099 2177 ac
1114 2116 1239 2194 proinde
1254 2117 1285 2178 in
1304 2125 1390 2180 aetus
1405 2117 1473 2197 spei

418 2198 540 2257 cletta
563 2203 624 2258 111.
868 2214 1027 2277 erumpere
1043 2207 1180 2279 possunt.
1189 2199 1292 2281 Neque
1310 2201 1391 2262 enim
1403 2218 1476 2282 pec·-

277 2295 280 2300 ·
372 2326 411 2370 DE
442 2325 581 2372 summm
604 2326 671 2372 SPE,
721 2356 724 2363 Ι
848 2288 967 2342 reatum
989 2300 1042 2363 per
1073 2301 1106 2344 sa
1135 2284 1201 2364 spei
1234 2285 1417 2366 opponitur,
1440 2292 1477 2346 ut

846 2379 850 2416 Ι
868 2366 1051 2428 contrarium
1069 2368 1232 2429 contrario.
1251 2369 1288 2430 ttt
1302 2369 1402 2451 reipsa
1416 2367 1475 2430 de-

260 2445 317 2508 td.
352 2443 405 2506 His
425 2446 569 2526 expeditis
598 2463 676 2526 quae
708 2464 746 2508 ao
763 2445 828 2528 spei
868 2449 1004 2512 scribens
1022 2452 1404 2516 conciliumTridentinum
1422 2452 1477 2515 iu-

221 2542 363 2593 naturam
382 2539 517 2610 spectant
535 2531 661 2612 eiusque
678 2529 828 2592 obiectum
869 2534 1057 2596 stificationis
1076 2536 1198 2598 modum
1226 2556 1281 2600 seu
1311 2537 1475 2612 ordinem,

222 2625 286 2678 tum
304 2616 478 2693 materiale,
507 2623 569 2676 tum
590 2614 734 2689 formale,
755 2615 829 2676 ordo
870 2618 912 2680 ait
934 2618 970 2679 de
988 2620 1215 2699 peccatoribus:
1241 2623 1322 2684 Dum
1339 2631 1473 2701 percolo·

224 2701 370 2781 postulat,
385 2699 463 2760 utde
479 2698 614 2760 eiusdem
627 2699 745 2761 virtutis
762 2718 831 2778 aga·
870 2720 919 2764 res
938 2721 968 2763 sc
993 2721 1051 2764 csse
1076 2705 1288 2786 inteltipcntcs‚
1316 2723 1335 2768 o
1356 2707 1480 2768 divinoe

224 2803 293 2846 mus
312 2783 473 2861 subiecto,
505 2802 612 2865 nempe
640 2792 776 2858 remoto,
797 2792 831 2844 ut
870 2787 1002 2848 iustitiae
1016 2788 1138 2861 timore,
1159 2805 1216 2865 pato
1233 2790 1348 2851 utiliter
1365 2806 1479 2850 coacu-

223 2877 346 2945 rocant,
368 2887 422 2930 seu
438 2867 473 2929 de
486 2877 623 2930 creatura
639 2867 830 2930 intellectua-
872 2871 1001 2946 litantur,
1023 2872 1062 2932 nd
1086 2873 1332 2934 considerandum
1349 2874 1404 2936 Dei
1420 2873 1480 2934 mi-

224 2954 264 3031 li,
288 2972 322 3014 ac
343 2951 379 3014 de
398 2952 450 3030 iis,
478 2953 508 3013 in
529 2952 638 3032 quibus
659 2951 732 3013 insit
749 2970 829 3032 spes,
870 2955 1065 3016 scricordiam
1081 2958 1330 3033 reconverteada
1349 2956 1383 3018 in
1397 2974 1476 3036 spem

225 3047 278 3100 aut
304 3045 375 3098 'esse
405 3036 511 3117 possit.
534 3036 606 3100 Nam
631 3036 667 3098 de
696 3037 831 3098 subiecto
871 3039 1045 3118 eriperetur,
1064 3040 1194 3118 fidentes,
1219 3041 1311 3102 Deum
1334 3041 1391 3102 tibi
1405 3058 1479 3119 pro-

225 3122 364 3203 proximo
386 3139 489 3182 omnes
508 3140 568 3182 uno
584 3139 636 3182 ore
654 3120 834 3182 conveniunt
871 3131 940 3201 pter
966 3123 1120 3186 Christum
1148 3125 1315 3203 propitium
1334 3125 1426 3206 sore(
1448 3125 1478 3204 ).

226 3226 295 3268 cum
317 3205 461 3280 Angelico
478 3205 616 3281 Doctore,
633 3205 663 3266 in
681 3205 833 3266 voluntate
873 3206 1021 3286 Supponit
1043 3207 1134 3284 igitur
1150 3207 1335 3286 Concilium,
1355 3208 1387 3270 in
1405 3227 1481 3289 pcc--

227 3292 337 3352 sistere
356 3308 452 3370 spem,
473 3309 541 3352 cum
563 3298 667 3366 agatur
684 3289 721 3351 de
740 3308 833 3370 appe·
874 3291 1028 3352 catoribus
1046 3292 1297 3355 fidelibusinesse
1311 3312 1408 3374 spem,
1427 3313 1483 3354 an·

227 3376 285 3437 titu
301 3375 333 3436 in
352 3375 464 3436 bonum
482 3374 649 3454 etquidem
667 3393 831 3452 summum,
875 3384 995 3455 tequam
1015 3375 1052 3436 ad
1070 3376 1334 3454 iustificationem,
1366 3395 1421 3438 seu
1441 3377 1479 3440 ad

228 3459 402 3521 cuiusmodi
416 3459 495 3520 Deus
511 3465 567 3538 est,
585 3458 726 3539 quodque
740 3459 834 3520 solius
874 3468 984 3520 statum
1010 3459 1144 3522 iustitiae
1168 3468 1198 3521 et
1219 3461 1353 3524 caritatis
1371 3479 1482 3540 perre-

229 3553 274 3606 est
291 3543 455 3604 voluntatis
469 3542 529 3623 (3).
874 3544 969 3604 niant.

270 3629 326 3690 ll.
345 3626 455 3698 Quaeri
471 3627 563 3704 igitur
581 3627 668 3705 solet,
682 3626 835 3708 inquibus
917 3628 969 3689 50.
987 3625 1091 3697 Quoad
1109 3627 1278 3689 haereticos
1293 3635 1395 3690 autem
1418 3627 1484 3688 lor-

228 3720 376 3793 tanquam
394 3711 425 3772 in
445 3712 581 3774 subiecto
600 3712 730 3774 resideat
753 3730 833 3792 spes
876 3712 980 3787 males,
1002 3711 1137 3773 doctrina
1168 3711 1338 3773 communis
1357 3712 1483 3774 tbeolo-

229 3806 292 3858 tum
320 3795 421 3876 quoad
452 3795 612 3874 habitum,
645 3805 707 3858 turn
737 3796 835 3876 quoad
874 3814 980 3873 gorum
1003 3803 1059 3872 est,
1080 3813 1143 3871 eos,
1164 3796 1415 3873 sicutveratide,
1436 3797 1479 3858 ita

230 3891 352 3957 actum,
383 3880 435 3960 qui
471 3901 506 3942 en
535 3880 639 3942 babitu
669 3880 835 3961 proficisci·
876 3891 905 3940 et
922 3898 992 3940 vera
1009 3897 1062 3959 spe
1078 3880 1258 3956 theologica,
1273 3898 1351 3959 quae
1367 3880 1411 3941 illi
1430 3879 1485 3940 iu--
1512 3917 1515 3922 -

231 3973 291 4027 tur.
333 3965 396 4026 lam
429 3983 499 4026 vero
535 3965 585 4026 isti
614 3983 679 4026 esso
711 3972 837 4046 possunt
876 3963 993 4040 nititur,
1025 3963 1183 4026 destitutos
1205 3982 1272 4025 esse
1296 3964 1358 4025 sire
1380 3964 1481 4044 quoad

231 4059 284 4112 aut
314 4048 406 4128 iusti,
443 4058 494 4112 aut
531 4057 726 4129 peccatores,
759 4049 835 4110 fide·
875 4047 1024 4125 habitum,
1045 4047 1110 4108 sive
1128 4047 1228 4127 quoad
1247 4055 1360 4110 actum.
1381 4049 1485 4129 Atque

232 4134 299 4213 les,
340 4141 393 4196 aut
425 4133 592 4210 baeretici,
629 4133 729 4214 quoad
757 4151 833 4201 eos,
876 4131 934 4192 boc
951 4140 1007 4207 est,
1026 4131 1106 4211 quod
1121 4131 1222 4194 docuit
1234 4151 1260 4194 s.
1277 4131 1478 4209 Augustinus,

233 4219 285 4299 qui
304 4219 403 4280 adbuc
421 4217 477 4280 bac
503 4218 622 4280 mortali
653 4218 713 4280 rita
727 4218 833 4278 sruun-
874 4215 905 4275 in
924 4217 1114 4293 EncbiridiO,
1134 4217 1288 4280 scribens:
1309 4220 1398 4282 Fides
1420 4234 1486 4280 cre·

232 4313 300 4379 tnr;
322 4313 375 4364 aut
392 4302 511 4364 animae
536 4303 567 4362 in
589 4302 760 4382 purgatorio
780 4301 834 4361 de·
875 4301 932 4378 dit,
952 4319 1015 4379 spes
1035 4309 1062 4362 ct
1081 4302 1193 4364 coritas
1210 4310 1324 4375 oront;
1345 4302 1396 4363 scd
1412 4301 1481 4360 sine

234 4395 348 4465 gentes,
367 4394 419 4448 aut
444 4387 543 4465 beati,
563 4396 614 4450 aut
631 4387 761 4466 denique
779 4385 834 4447 da·
874 4386 932 4464 fide
952 4403 1010 4446 esse
1031 4402 1092 4446 nort
1112 4395 1237 4465 possiunt
1253 4384 1320 4464 (5):
1342 4392 1373 4446 et
1390 4382 1485 4463 paulu

268 4521 305 4583 (l)
321 4521 356 4569 De
375 4523 495 4581 dilipcndo
508 4519 574 4582 Deo,
594 4536 651 4586 cup.
666 4523 691 4580 9,
705 4537 731 4570 n.
745 4523 786 4570 ab.
870 4571 873 4578 ,
909 4519 947 4584 (5)
962 4519 994 4580 ll,
1013 4522 1039 4577 2,
1057 4535 1084 4584 q.
1110 4521 1151 4578 ttl,
1171 4524 1221 4566 ort.
1241 4526 1265 4564 t.

269 4589 305 4654 tt)
319 4587 359 4636 Cf.
379 4587 498 4652 llipalda,
517 4604 559 4654 op.
578 4589 622 4638 cit.
641 4597 706 4654 port.
722 4593 748 4651 3,
767 4587 832 4654 disp.
909 4589 947 4651 (t)
958 4584 1026 4636 Soss.
1038 4591 1064 4646 b,
1075 4602 1132 4651 cop.
1148 4588 1174 4634 ti.

234 4657 277 4712 2⁶2,
290 4667 353 4705 scot.
374 4662 399 4717 l,
413 4665 438 4716 ²,
452 4659 473 4706 5.
910 4655 948 4722 (5)
966 4655 1028 4727 Cup.
1044 4659 1068 4703 t.
