3700 5659
742 509 838 556 carur
857 513 895 555 rr.
1341 493 1400 554 tta

218 604 289 684 piam
301 600 445 664 dicitnret
459 610 515 680 est,
529 601 583 682 qui
601 599 803 663 voluntarium
843 602 1015 684 planatione
1037 603 1162 686 patebit,
1184 621 1332 684 quaenam
1368 619 1445 662 con-

219 704 386 748 consensum
408 685 531 766 praehet
553 685 723 747 haereticae
747 683 804 746 do·
844 686 974 748 ditiones
999 688 1193 768 requirantur
1228 705 1263 748 ac
1297 684 1447 748 sufficiant

220 771 323 832 chinae
340 787 393 830 seu
413 768 623 850 propositioni.
845 789 905 831 non
928 770 1082 833 minusad
1103 771 1272 847 haeresim,
1295 779 1385 850 quam
1408 765 1448 830 ad

257 854 325 914 tao.
341 851 370 914 Si
387 871 457 914 nero
476 853 553 914 ratio
573 852 719 914 habeatur
736 852 808 914 hae-
846 855 1015 931 iormalem,
1038 863 1070 916 ut
1098 864 1224 933 vocant,
1260 852 1447 915 haereticum

222 937 300 1014 rosis,
322 945 410 1018 prout
430 936 461 997 in
478 936 581 1016 aliquo
602 935 739 998 subiecto
760 953 808 997 re·
847 936 1104 1000 constituendum.

222 1020 331 1101 cipitur,
350 1019 483 1081 haeresis
501 1029 532 1081 ct
552 1019 715 1102 propositio
734 1019 809 1081 hae·
890 1021 964 1083 468.
984 1021 1025 1083 hc
1052 1023 1082 1083 1ο
1106 1021 1216 1084 dicitur
1236 1036 1345 1097 error,
1377 1018 1450 1100 quia

223 1104 307 1164 retica
328 1103 469 1166 differunt
495 1103 575 1165 inter
605 1122 637 1165 se
656 1112 809 1184 tamquam
848 1105 918 1168 licet
936 1124 996 1166 non
1015 1105 1112 1168 omnis
1140 1123 1243 1180 error,
1263 1102 1327 1185 qui.
1341 1101 1450 1165 adver·

223 1197 298 1249 actus
315 1205 368 1249 seu
398 1196 574 1269 peccatum,
598 1195 628 1248 et
658 1186 808 1263 materia,
849 1199 933 1252 satur
950 1189 1103 1252 doctrinae
1121 1189 1285 1252 catholicae
1311 1187 1350 1248 sit
1374 1187 1472 1252 haar

224 1271 295 1332 circa
307 1290 396 1351 quam
410 1280 556 1332 versatur.
577 1270 717 1333 Haeresis
730 1269 811 1331 enim
851 1274 943 1351 rasis,
970 1272 1068 1335 omnis
1102 1282 1201 1335 tamen
1232 1271 1367 1333 haeresis
1399 1287 1451 1332 er-

225 1355 333 1435 proprie
359 1354 506 1432 significat
530 1363 685 1436 peccatum
714 1352 812 1435 quod·
851 1376 903 1420 ror
920 1364 976 1434 est,
997 1375 1031 1418 ac
1049 1355 1189 1438 supponit
1206 1355 1377 1418 salsitatem.
1398 1351 1453 1414 Hic

226 1438 286 1498 dam
301 1438 501 1514 infidelitatis3
528 1438 692 1521 propositio
712 1447 812 1500 autern
853 1459 942 1523 porro
958 1457 1042 1502 error
1060 1440 1199 1522 proprius
1209 1447 1255 1502 est
1268 1439 1451 1514 intellectus,

229 1521 366 1583 haeretica
383 1522 538 1584 materiam
558 1522 715 1601 significat,
736 1521 815 1583 circa
854 1525 885 1586 in
901 1513 964 1605 t'quo
987 1525 1162 1586 efformatur
1177 1542 1211 1585 ac
1236 1521 1349 1585 residet
1366 1539 1454 1582 erro·

226 1625 307 1684 quam
324 1605 398 1668 iliud
417 1614 574 1687 peccatum
605 1615 754 1680 versatur,
773 1613 816 1666 at·
855 1627 945 1670 neum
966 1607 1110 1668 iudicium
1130 1607 1258 1670 alicuius
1279 1605 1455 1684 doctrinae,

228 1707 280 1768 que
292 1689 380 1752 huius
398 1690 513 1771 peccati
531 1709 616 1752 reum
649 1708 682 1751 se
707 1687 818 1751 consti·
856 1711 936 1774 quae
961 1691 1135 1754 adversatur
1147 1691 1216 1753 hdei
1234 1689 1412 1752 catholicae.

230 1771 289 1849 tuit,
304 1773 354 1853 qui
370 1773 568 1854 propositioni
583 1773 751 1835 haereticae
767 1771 818 1832 de·
896 1777 971 1838 toa.
992 1776 1024 1836 2⁰
1050 1775 1204 1836 Eiusmodi
1240 1792 1325 1838 error
1348 1771 1461 1834 dicitur

231 1856 345 1918 iiherate
363 1876 521 1920 assensum
546 1858 679 1939 praehet.
708 1857 750 1918 Ea
771 1854 819 1915 his
851 1859 1054 1936 uoluntarius,
1072 1858 1103 1920 in
1122 1877 1182 1940 quo
1198 1875 1302 1919 omnes
1320 1857 1460 1918 doctores

231 1940 387 2018 conficitur,
407 1942 489 2021 quod
505 1942 640 2003 haeresis
656 1941 696 2002 sit
707 1938 820 2021 practi-
858 1939 1408 2024 consentiunt,praecunteD.Th0rna(
1430 1939 1457 2018 i.

232 2042 272 2096 ca,
284 2025 445 2105 propositio
457 2025 609 2086 haeretica
622 2025 661 2086 sit
674 2022 820 2085 theoreti·
860 2027 897 2088 nt
911 2045 984 2088 sane
999 2025 1131 2088 haeresis
1150 2025 1310 2108 opponitur
1326 2023 1408 2099 tidei;
1422 2022 1461 2084 de

232 2126 263 2167 ca
277 2107 333 2187 (t).
356 2107 390 2169 ln
404 2109 514 2170 horum
535 2108 751 2190 ,coniunctione
770 2125 820 2168 rc·
861 2111 977 2171 ratione
993 2127 1081 2192 porro
1100 2107 1169 2170 tidei
1197 2117 1252 2182 est,
1285 2118 1318 2170 ut
1341 2106 1380 2168 sit
1404 2124 1461 2168 vo·

235 2191 380 2269 pariuntur
398 2192 458 2253 tria
472 2193 535 2268 itta,
556 2211 635 2272 quae
658 2191 697 2253 ad
714 2193 822 2252 haere·
862 2193 1003 2255 luntaria:
1025 2211 1095 2270 crgo
1117 2201 1147 2254 et
1164 2191 1298 2254 haeresis
1317 2189 1393 2252 ratio
1411 2208 1464 2270 po·

234 2273 283 2334 sim
299 2275 537 2338 constituendam
567 2293 747 2339 concurrere
775 2273 823 2333 di·
863 2279 965 2354 stuiat,
988 2285 1020 2338 ut
1037 2275 1205 2338 voluntaria
1230 2276 1284 2353 sit3
1311 2271 1464 2336 contraria

237 2357 332 2436 ximus,
355 2368 418 2420 tum
439 2378 548 2440 nempe
566 2359 731 2421 doctrinam
746 2357 826 2419 circa
864 2361 1014 2442 siquidem
1024 2360 1102 2422 intcr
1112 2379 1144 2421 se
1154 2359 1377 2441 proportionem
1393 2375 1467 2418 can-

237 2460 316 2518 quam
332 2444 470 2505 haeresis
490 2453 642 2520 versatur,
662 2452 725 2504 tum
744 2440 825 2502 iudi·
866 2445 933 2507 dem
944 2452 1062 2506 servant
1074 2462 1108 2505 ac
1117 2443 1249 2506 eiusdem
1259 2441 1368 2519 gradus
1381 2447 1463 2501 sunt.

239 2524 308 2587 cium
325 2545 486 2590 erroneum
501 2527 684 2601 intellectus,
701 2535 763 2587 tum
777 2525 829 2586 de·
866 2529 993 2610 insuper
1018 2527 1151 2590 haeresis
1178 2526 1327 2607 quoddam
1352 2522 1468 2606 peccati

240 2607 319 2689 nique
335 2611 537 2686 uoluntatem,
552 2630 613 2691 qua
628 2610 697 2672 talis
720 2607 830 2671 doctri·
867 2631 962 2690 genus
976 2620 1032 2675 est:
1049 2612 1086 2673 de
1103 2611 1219 2672 ratione
1236 2617 1336 2672 autern
1354 2606 1468 2688 peccati

240 2710 271 2752 na
288 2696 392 2756 aetate
410 2694 558 2757 iudicium
578 2694 710 2772 eligitur.
738 2691 769 2754 Si
783 2691 830 2752 his
870 2706 915 2758 est
931 2705 963 2758 ut
980 2696 1020 2757 sit
1036 2694 1250 2770 voluntarium,
1268 2711 1338 2772 ergo
1357 2698 1386 2752 et
1399 2691 1471 2752 hae·

240 2775 386 2852 addantur,
407 2797 489 2860 quae
507 2778 546 2839 ad
575 2777 709 2840 haeresis
731 2775 832 2838 suhie-
870 2779 958 2841 rasis.
981 2778 1107 2841 Demum
1132 2777 1185 2858 qui
1209 2784 1289 2840 errat
1321 2795 1355 2837 ex
1382 2775 1470 2852 igno-

240 2869 311 2921 ctum
330 2862 516 2938 reseruntur,
531 2881 658 2942 pronum
675 2859 734 2922 crit
749 2858 834 2920 coili—
871 2863 969 2925 cantia
986 2861 1163 2938 invincibili,
1184 2879 1243 2921 non
1265 2867 1311 2921 est
1337 2857 1471 2919 haereti·

241 2961 313 3021 gere,
346 2947 419 3026 quid
455 2946 608 3007 hominem
647 2943 831 3006 haereticum
872 2965 937 3022 cus,
955 2965 1022 3008 cum
1039 2963 1098 3006 non
1117 2943 1156 3006 sit
1173 2943 1314 3020 infidelis,
1335 2941 1474 3022 adeoque

243 3029 405 3092 constituat.
423 3029 459 3092 ln
475 3030 555 3091 hunc
569 3031 659 3092 finem
670 3030 834 3109 insequens
873 3031 956 3092 nulia
971 3035 1089 3091 tenetur
1107 3027 1236 3104 haeresi,
1255 3043 1291 3088 eo
1310 3026 1374 3108 ipso
1391 3022 1475 3105 quod

242 3112 373 3176 statuitur
387 3113 568 3196 propositio.
873 3113 1043 3192 ignorantia
1065 3111 1246 3174 invincibilis
1266 3111 1352 3173 tollat
1369 3109 1478 3170 volun·

875 3197 1001 3270 tarium;
1019 3197 1111 3277 quod,
1132 3204 1165 3258 ut
1183 3193 1322 3272 vidimus,
1340 3192 1377 3256 de
1399 3193 1476 3254 hae·
1531 3213 1534 3220 ·

425 3282 602 3328 PR⁰P⁰SW10
621 3283 643 3326 ¹·
722 3291 725 3294 ’
874 3281 951 3344 cesis
968 3281 1084 3344 ratione
1101 3288 1158 3342 est.

245 3375 594 3430 homeriteatootuutoriaaet
609 3382 725 3442 portiana
735 3379 836 3426 morio
917 3366 992 3428 ΗΟ.
1015 3363 1080 3426 Non
1095 3363 1205 3426 sufficit
1222 3371 1322 3424 tamen
1348 3359 1386 3422 ad
1404 3359 1479 3422 hae·

275 3447 375 3496 motoria
386 3447 446 3509 fidei
461 3445 601 3496 Catholicae
617 3450 743 3496 contrario
756 3449 781 3494 ia
793 3449 836 3494 ho·
876 3448 1003 3510 seticum
1018 3445 1274 3523 constituendum,
1294 3453 1327 3506 ut
1346 3443 1412 3506 eius
1426 3461 1480 3504 er.

274 3518 332 3562 '’m'‘
348 3521 390 3578 ⁹¹⁴³
405 3530 431 3564 ⁸⁶
449 3516 767 3594 ‘'''⁸'⁸‘''“'¹¹‘'”.¹’'⁰fi²‘'¹.¹'’
779 3515 836 3574 qut·
876 3551 928 3592 ror
949 3532 988 3594 sit
1002 3539 1106 3593 contra
1120 3530 1209 3591 sidem
1225 3547 1260 3590 ac
1274 3526 1462 3588 voluntarius

275 3584 375 3642 quatuo
392 3585 421 3631 ‘¹‘
440 3598 515 3632 cocco
528 3585 663 3631 hoerettao
676 3582 790 3642 ‘mmm'
876 3615 931 3676 sed
950 3623 1104 3696 praeterea
1117 3611 1285 3693 requiritur
1308 3611 1357 3688 3⁰,
1378 3618 1412 3669 ut
1438 3572 1479 3670 sii

283 3696 402 3762 iotha
414 3700 601 3777 singuiorum
614 3697 760 3761 eiusmodi
770 3716 838 3778 pro·
873 3699 1030 3779 pertinax.
1040 3696 1313 3760 Pertinaciaautem
1325 3693 1400 3754 haec
1409 3709 1482 3753 con·

249 3781 397 3856 positionis
414 3784 613 3845 terminorum
628 3790 769 3845 accurata
785 3799 838 3843 er·
878 3782 958 3844 sistit
980 3783 1012 3844 in
1029 3783 1182 3843 voluntate
1209 3777 1374 3841 deliberata
1401 3774 1482 3837 resi-

280 3961 313 4028 (t)
335 3964 402 4017 iiina
419 3972 476 4027 eat,
503 3963 572 4032 qnod
603 3962 839 4016 nonnuliidistin-
878 3971 979 4014 tantum
1004 3961 1132 4030 significat
1149 3961 1298 4022 materiam,
1317 3959 1387 4012 circa
1404 3973 1484 4026 quara

249 4040 336 4149 quani,
355 4031 388 4083 ad
401 4034 465 4084 haec
482 4031 641 4150 exponenda,
653 4032 776 4149 haeppaim
788 4047 841 4082 ura·
880 4030 945 4109 iitud
964 4039 1249 4148 paccatumdversatum
1271 4025 1392 4146 lpdaoque
1421 4025 1485 4142 iicep

250 4102 507 4236 attrahite?
520 4108 777 4227 ‘matthetha
790 4115 843 4216 hi?
880 4107 1098 4233 iiii¹¹¹iiihih
1115 4107 1405 4240 ttt‘tttsttttc
1426 4110 1487 4228 tt.

186 4294 187 4297 Ἴ
252 4232 318 4283 maiia
337 4245 467 4300 practerea
496 4242 605 4296 aocet,
633 4249 701 4302 quae
717 4232 841 4284 adnexam
883 4233 1015 4300 positionis
1033 4233 1193 4294 haereticae,
1213 4231 1251 4282 uti
1269 4246 1384 4298 apprime
1403 4244 1485 4294 expo-

251 4295 322 4350 hahct
338 4305 513 4368 pertinaciam.
539 4301 762 4354 donaremur·
782 4301 843 4351 haa-
883 4302 921 4351 nit
939 4301 1075 4352 Suaroaius
1092 4298 1160 4366 disp.
1181 4301 1211 4350 ta
1225 4333 1233 4358 ‚
1262 4308 1324 4348 scot.
1347 4301 1385 4374 ‚²⁹
1404 4311 1431 4344 n.
1456 4297 1485 4344 a.

254 4366 431 4420 recisiormatia
447 4369 583 4433 eat,utoit
599 4384 658 4420 oum
681 4368 843 4435 pertinacia,
883 4367 968 4436 Vuigo
986 4378 1070 4420 tamen
1100 4365 1152 4418 duo
1182 4365 1245 4416 hace
1272 4377 1416 4432 promiscuo
1439 4376 1487 4410 au-

254 4445 298 4481 non
306 4434 363 4486 item
376 4453 438 4488 roro
448 4455 477 4488 aa
490 4435 633 4504 acquiritur
643 4433 676 4487 ad
688 4435 843 4504 propositio·
883 4444 1002 4488 mantua.

254 4513 306 4550 nara
321 4501 484 4556 haereticam.
502 4503 620 4555 iiaooaais
641 4503 747 4572 propria
763 4501 845 4570 rigni·
918 4503 957 4570 (Ξ)
976 4503 1010 4565 li,
1028 4507 1054 4565 Ξ,
1067 4517 1094 4568 q.
1110 4502 1151 4562 tt,
1165 4505 1213 4550 art.
1233 4502 1289 4549 hac
1309 4499 1333 4559 t,
1353 4509 1379 4562 p.
1399 4509 1427 4562 q.
1441 4495 1494 4564 5⁷„

186 4618 187 4642 ,
255 4563 307 4616 ficar
323 4579 415 4638 actum,
433 4587 477 4624 acu
501 4578 637 4638 paccatum
655 4569 784 4638 quoddam
802 4571 845 4622 in·
884 4577 934 4622 art.
951 4575 978 4622 h.

256 4631 393 4702 tidotitatia3
424 4639 565 4707 propositio
596 4645 684 4693 autem
717 4637 846 4692 haeretica
