3700 5659
768 506 864 553 creua
881 510 913 566 rr.
1385 492 1422 556 at

221 594 326 672 betur3
345 595 376 657 t.
397 594 535 676 nuspiam
552 595 582 656 in
602 595 695 658 saeris
713 596 823 660 litteris
864 599 992 680 aliisque
1007 599 1175 679 eiusmodi,
1196 608 1286 680 atque
1305 618 1340 662 ex
1358 617 1469 680 perpe·

221 678 349 741 ecclesia
364 677 530 741 intattttttis
545 677 720 746 adstruitur.
738 681 768 742 3.
787 681 823 742 A·
865 689 916 744 tuo
935 683 1011 745 iacto
1030 683 1164 746 eiusdem
1185 684 1330 748 ecelesiae
1346 683 1408 762 (5).

224 763 345 845 postoli,
362 762 454 824 immo
474 781 543 824 xero
561 772 592 826 et
609 763 744 826 Christus
761 764 825 845 ipse
908 766 980 828 lOd.
998 767 1042 828 nd
1054 767 1085 828 2.
1099 768 1137 828 D.
1157 765 1262 839 Quoad
1281 764 1468 828 materialem

222 853 397 909 constanter
428 845 531 909 fideles
564 847 601 909 ad
620 847 673 910 Dei
700 849 824 910 verbum
865 850 1467 926 vocemintattibttitausaminmundae,

223 930 393 1006 remittunt,
409 937 443 992 ut
460 931 614 994 veritatem
633 929 759 1010 discant,
782 931 828 992 iu·
869 936 918 1012 (tq
936 934 1036 1016 quoad
1048 953 1112 996 rem
1126 934 1234 1018 ipsam,
1251 936 1289 999 N.
1303 933 1470 1016 Responsio

225 1023 272 1076 xta
290 1014 375 1095 quod
400 1023 487 1076 eruut
518 1015 620 1078 fideles
651 1015 825 1092 iudicandi;
869 1026 950 1100 patet
967 1018 1116 1081 exiliatis.

223 1101 341 1174 Sumo,
362 1115 447 1179 quem
471 1099 583 1162 locutus
611 1109 706 1178 aurat,
731 1099 829 1180 inquit
913 1103 985 1164 tot.
1006 1100 1050 1163 Ad
1069 1103 1105 1179 3.
1123 1104 1159 1166 D.
1180 1101 1316 1166 Christus
1339 1109 1370 1164 et
1388 1100 1468 1183 Apo-

224 1182 377 1262 CbristuS,
397 1183 446 1245 ille
463 1184 602 1246 dedicabit
624 1202 691 1246 eraut
719 1185 750 1246 e'n
772 1201 830 1245 rto·
870 1186 940 1248 stoli
958 1185 1062 1248 fideles
1079 1185 1117 1248 ad
1146 1186 1200 1249 llei
1216 1185 1340 1248 uerbum
1362 1185 1401 1248 ab
1419 1202 1471 1246 ec·

228 1267 349 1329 sissimo
368 1267 414 1328 die
432 1267 500 1348 (l),
520 1274 549 1329 et
564 1289 571 1328 z
585 1265 661 1330 'Oves
674 1285 758 1330 artene
777 1285 830 1329 oo·
871 1269 963 1332 alesia
975 1269 1180 1351 'praedicatum
1196 1279 1226 1334 et
1243 1269 1410 1350 expositum
1426 1286 1473 1330 re«

224 1369 285 1412 cem
307 1368 408 1413 noeane
426 1351 548 1414 audieret
565 1351 625 1432 (2),
644 1360 673 1414 et
698 1352 828 1414 iterum:
872 1353 1005 1431 mittunt,
1019 1353 1307 1435 uveldeprourin
1319 1351 1474 1433 Scriptura

228 1436 299 1498 Oves
328 1433 414 1496 illum
432 1444 600 1516 sequuntur
617 1481 625 1510 ,
647 1437 718 1515 quta
734 1435 832 1498 seiuot
873 1447 992 1500 mortua
1004 1437 1092 1516 iacet,
1110 1439 1149 1501 N.
1170 1437 1312 1517 Alioquin
1332 1435 1475 1500 omnibus

225 1535 329 1582 uocem
347 1519 411 1580 eius
430 1519 491 1600 (3),
512 1528 541 1580 et
558 1518 631 1580 alibi
655 1519 777 1602 passim.
799 1517 830 1580 l.
874 1519 1027 1585 erroribus
1049 1530 1079 1585 et
1108 1521 1284 1584 haeresibus
1301 1520 1381 1584 riam
1400 1540 1475 1600 apc-

225 1600 305 1664 Sane
330 1601 441 1664 Paulus
467 1602 653 1664 discessurus
672 1623 689 1664 a
707 1601 831 1680 Mileto,
874 1603 1017 1682 ruissent,
1037 1605 1081 1670 uti
1093 1623 1126 1668 ex
1146 1604 1328 1687 experientia
1346 1611 1475 1668 constat.

230 1706 295 1748 cum
319 1685 539 1768 praedixisset,
569 1687 687 1748 futuros
716 1705 751 1750 ex
773 1685 835 1747 illic
875 1687 937 1751 Hae
953 1689 1070 1752 ratione
1087 1688 1278 1765 testimonia,
1302 1688 1422 1752 obiecta
1439 1686 1478 1748 ab

231 1769 420 1846 congregatis
458 1769 545 1851 lupos
584 1790 643 1832 non
679 1780 835 1852 parcentes
875 1771 1066 1851 adversariis,
1086 1772 1279 1852 intelligenda
1290 1779 1371 1850 sunt,
1391 1771 1417 1833 si
1436 1779 1478 1831 ta·

231 1855 329 1932 gregi,
350 1861 380 1914 et
403 1853 561 1936 loquentes
577 1873 727 1936 perversa,
747 1853 835 1917 audi·
877 1875 947 1920 rnen
964 1856 1002 1919 ad
1025 1875 1088 1920 rem
1109 1856 1234 1920 faciunt.
1253 1855 1327 1918 Nam
1349 1855 1396 1918 bis
1417 1872 1480 1916 rer·

233 1947 313 1998 tores
345 1955 494 1998 suosnon
525 1937 563 1999 ad
581 1937 739 2000 ecelesiam
757 1985 766 2016 ,
786 1945 838 2000 aut
878 1941 924 2004 bis
947 1939 1083 2004 Christus
1096 1940 1248 2022 propriam
1266 1939 1395 2002 divinam
1410 1937 1480 2000 mis·

231 2022 269 2082 ad
281 2021 410 2083 Petrum
423 2019 549 2100 remisit,
566 2021 619 2084 sed
636 2021 674 2085 ad
693 2041 739 2102 ea,
760 2040 838 2103 quae
878 2024 994 2088 sionem
1030 2043 1066 2086 ae
1095 2023 1270 2101 dignitatem
1302 2021 1480 2086 Messianam

232 2106 366 2185 ipsemet
383 2104 456 2186 ipsis
473 2105 717 2186 praedicaverat,
748 2115 777 2168 et
802 2105 839 2168 ad
879 2107 1035 2172 adstruere
1054 2107 1192 2170 intendit.

226 2189 286 2251 *Ilei
304 2189 448 2266 verbum,
471 2187 593 2252 dicens:
621 2191 756 2272 Vipitote,
776 2207 839 2252 rue·
910 2195 996 2256 lob.
1016 2192 1060 2254 Ad
1072 2193 1103 2254 l.
1119 2194 1155 2255 l).
1169 2189 1246 2264 Quia
1260 2209 1286 2254 a.
1303 2188 1416 2254 Paulus
1432 2207 1483 2250 eos

236 2275 336 2336 artorio
345 2273 517 2350 retinentes,
531 2275 671 2354 quonium
680 2281 734 2355 ptr
751 2275 843 2336 trien·
881 2277 919 2340 ad
935 2275 1092 2339 ecclesiam
1112 2275 1172 2338 iarn
1190 2275 1360 2352 remiserat,
1381 2276 1433 2351 G.;
1447 2272 1484 2336 ad

238 2357 326 2419 stiram
343 2367 426 2419 nocte
453 2375 487 2420 oc
506 2357 552 2419 die
570 2376 632 2420 non
650 2358 759 2422 cessavi
775 2376 843 2421 eum
882 2361 972 2422 huius
995 2359 1209 2435 exclusionem,
1227 2361 1267 2424 N.
1287 2357 1361 2420 Nam
1381 2359 1439 2422 hoo
1457 2355 1485 2417 i-

240 2441 377 2505 locrims's
395 2445 518 2504 ascraeus
537 2459 775 2522 eroumquemque
793 2459 842 2504 ue·
883 2464 949 2527 pso,
969 2443 1050 2525 quod
1067 2443 1099 2504 in
1116 2445 1222 2507 eodem
1247 2461 1387 2508 sermone
1404 2443 1486 2522 Apo-

242 2535 347 2602 stmmr,
365 2532 391 2587 et
409 2543 491 2588 stunc
509 2528 677 2590 commendo
695 2545 745 2589 vos
765 2525 840 2604 beo,
884 2529 980 2591 stolus
998 2527 1105 2590 dixerit
1121 2527 1290 2609 episcopis,
1315 2544 1392 2607 quos
1410 2525 1487 2587 allo·

244 2618 269 2672 et
282 2611 371 2672 uerbo
392 2610 511 2690 protioe
529 2611 623 2690 ipsius
639 2609 700 2690 (l).
721 2611 752 2672 5.
766 2609 843 2688 Ergo
885 2613 1044 2694 quebatur:
1061 2611 1211 2675 Attendite
1224 2612 1304 2675 uobis
1322 2619 1349 2673 et
1367 2609 1487 2673 uniuer-

246 2693 353 2755 lrustra
387 2692 533 2755 ecclesiae
561 2693 767 2756 auctoritatem
790 2712 843 2755 ur·
883 2715 914 2760 so
928 2696 1026 2778 prepi,
1040 2697 1074 2758 io
1088 2713 1145 2776 quo
1156 2713 1206 2759 uos
1221 2695 1352 2775 Spiritus
1366 2700 1488 2756 sauctus

245 2786 312 2852 qens
327 2776 493 2853 catholici,
517 2795 584 2839 cum
603 2777 767 2860 unicuique
788 2796 843 2858 pa·
881 2781 982 2861 posuit
991 2780 1137 2859 episcopos
1148 2797 1250 2861 repere
1260 2777 1409 2841 ecclesium
1420 2775 1487 2850 Dei,

251 2869 306 2922 teat
321 2861 446 2922 uerbum
465 2859 530 2922 Dei.
886 2882 974 2946 quom
991 2863 1155 2943 atquisivit
1173 2862 1323 2943 sanquine
1346 2878 1413 2936 suo,
1433 2858 1490 2920 hoc

295 2945 360 3006 tut.
381 2943 470 3026 Resp.
492 2943 530 3006 ad
551 2945 580 3006 l.
601 2945 674 3028 Nep.
688 2943 783 3008 lmmo
801 2944 847 3008 lu·
885 2949 964 3030 ipso,
984 2946 1119 3028 inquam,
1140 2945 1242 3008 fideles
1258 2943 1375 3006 remisit
1392 2943 1491 3006 eccle-

256 3027 382 3089 culenter
393 3029 472 3091 ‘adeo
485 3029 630 3112 probatur
643 3029 788 3092 ecelesiae
802 3029 848 3090 in·
886 3032 950 3094 siae
967 3029 1155 3094 auctoritati.-
1169 3028 1287 3093 Etenim
1307 3028 1333 3090 si
1355 3026 1490 3109 episcopi

254 3111 428 3193 sallibilitas,
461 3121 495 3175 ut
517 3113 848 3194 adversariinequeant
887 3115 987 3178 divina
1004 3114 1182 3178 auctoritate
1198 3131 1302 3190 regere
1318 3111 1490 3175 debentee-

250 3213 281 3256 se
298 3195 335 3258 ab
356 3196 418 3258 illis
443 3197 845 3280 probationibus·extricare.
888 3199 1010 3263 clesiam
1026 3199 1092 3277 Dei,
1112 3218 1220 3280 nempe
1238 3197 1353 3275 fideles,
1372 3195 1494 3259 euidens

250 3278 403 3342 Eiusmodi
419 3290 518 3343 autem
540 3279 849 3363 probationes-patent
889 3293 959 3362 est,
988 3283 1062 3346 istos
1081 3283 1191 3346 debere
1220 3300 1252 3346 se
1271 3281 1422 3344 subiicere
1442 3298 1493 3341 ec-

248 3383 281 3423 ex
301 3364 490 3427 solemnibus
509 3364 619 3428 Christi
638 3365 849 3448 promissioni·
890 3368 1001 3430 clasiae
1023 3367 1142 3429 docenti
1162 3413 1171 3444 ,
1195 3366 1233 3428 ab
1251 3383 1347 3446 eaque
1380 3363 1496 3425 discere

249 3447 320 3524 bus,
340 3457 406 3510 tum
434 3449 470 3512 de
499 3449 563 3528 iugi
590 3450 693 3512 suain
724 3449 850 3512 eeclesia
890 3471 990 3514 veram
1020 3451 1136 3529 fidem,
1156 3464 1391 3529 germanamque
1411 3446 1496 3508 verbi

246 3532 417 3612 praesentia
435 3552 532 3614 usque
555 3533 593 3594 ad
614 3534 850 3596 consummatio·
891 3535 945 3598 ltei
957 3531 1373 3616 interpretationem,obortis
1385 3547 1498 3610 expar-

246 3634 315 3678 nem
331 3617 459 3694 saeculi,
475 3627 537 3678 turn
551 3617 587 3678 de
600 3617 683 3680 inani
701 3636 853 3700 oppugna·
894 3628 923 3681 te
943 3617 1165 3680 haereticorum
1184 3613 1397 3678 controversiis
1415 3613 1477 3693 (b).

246 3699 329 3762 tione
360 3699 457 3781 ipsius
479 3700 625 3764 ecclesiae
647 3705 682 3764 e'x
701 3709 784 3783 parte
803 3701 852 3764 in·
936 3703 1008 3764 lOl.
1030 3701 1074 3762 bd
1093 3701 1123 3762 5.
1140 3702 1214 3781 Nep.
1236 3698 1404 3780 sequelam,
1427 3714 1497 3757 oum

245 3783 395 3862 ferorum,
415 3783 766 3866 tumdeSpiritusan'rto
784 3804 853 3848 eum
894 3804 929 3848 ex
958 3783 1207 3867 praecedentibus
1234 3801 1294 3844 non
1324 3779 1496 3843 descendat.

245 3867 379 3930 eeclesia
402 3885 458 3932 sua
477 3869 515 3930 ad
540 3869 704 3932 docendam
733 3887 852 3932 omnem
894 3867 1025 3932 Verbum
1058 3867 1138 3930 enim
1164 3867 1218 3929 Ilei
1241 3865 1397 3930 materiale
1424 3863 1495 3926 uni-

245 3952 404 4014 ueritatem
436 3953 467 4014 in
493 3961 671 4036 perpetuum
691 3953 852 4034 adfuturo,
895 3953 1005 4033 cuique
1022 3951 1144 4034 quidem
1160 3959 1252 4034 patet,
1267 3970 1327 4012 non
1345 3949 1417 4012 item
1428 3966 1499 4010 rero

280 4100 452 4168 (010311,
471 4105 515 4154 te.
564 4103 601 4170 (ἢ
616 4104 642 4154 ,⁰
666 4103 700 4165 x,
715 4107 758 4156 46·
896 4036 1029 4100 eiusdem
1050 4054 1156 4099 sensus
1174 4035 1320 4098 formalis.

280 4171 324 4236 (ὅ)
338 4167 379 4220 lb.
398 4185 426 4220 v.
439 4173 465 4221 tt.
560 4172 599 4239 (tx)
617 4175 672 4225 Aet.
685 4169 743 4226 XX.
758 4175 801 4232 5l,
812 4174 855 4222 52.
930 4169 968 4238 (d)
981 4167 1094 4222 liaesola
1112 4165 1334 4218 animadversione
1347 4162 1503 4216 refelluntur

282 4240 321 4301 (5)
341 4237 381 4287 Cl.
402 4245 514 4288 nostram
533 4235 662 4290 dissertat.
687 4241 759 4291 Delta
780 4243 855 4289 deno·
897 4253 963 4304 quoe
990 4253 1022 4287 ex
1039 4236 1088 4287 hoe
1112 4243 1181 4287 textu
1200 4231 1435 4303 pseudoepiscopus
1452 4246 1500 4308 urn-

247 4305 390 4354 sne'aosa'oae
407 4308 449 4355 ctae
468 4308 492 4354 lo
511 4303 598 4357 Citieos
618 4309 731 4358 cattolica
760 4308 791 4358 dd
809 4307 857 4356 olle
896 4306 1013 4372 glieanus
1030 4301 1201 4356 dubliniensis
1225 4299 1348 4366 Whatety
1371 4306 1500 4365 congessit

245 4374 392 4420 comuutont
414 4376 446 4422 da
470 4375 504 4422 let
530 4375 621 4436 attolae,
642 4377 667 4425 dt
684 4377 786 4426 ersttclre
803 4391 814 4424 e
832 4377 857 4423 dt
897 4373 923 4424 in
942 4388 1069 4433 sermone,
1087 4386 1165 4440 quem
1183 4368 1273 4419 habuit
1285 4366 1317 4418 ad
1335 4364 1502 4445 ordinandos,

246 4441 403 4488 scismottelre
414 4473 423 4500 ,
446 4447 501 4490 trum
526 4455 554 4508 p.
577 4447 604 4502 2,
622 4450 677 4492 tum
696 4458 723 4508 p.
742 4445 769 4503 5,
788 4449 812 4491 et
830 4441 855 4490 in
898 4448 927 4492 ut
944 4439 1094 4491 excluderet
1111 4436 1287 4490 necessitatem
1314 4435 1427 4485 alicuius
1445 4447 1502 4482 rna·

246 4503 395 4571 appendice
412 4507 481 4558 inter
503 4509 625 4574 opuscula
644 4509 788 4576 theologica
806 4507 858 4559 blo·
898 4508 997 4572 gisterii
1024 4507 1145 4568 riseritis,
1164 4512 1219 4555 tum
1237 4517 1329 4568 nempe
1349 4501 1421 4551 ttom.
1440 4513 1507 4567 port·

247 4571 346 4623 dioleni
367 4577 453 4637 roae,
472 4583 535 4625 torn.
548 4581 573 4637 t,
593 4576 638 4627 ubi
651 4577 700 4628 boe
718 4593 858 4645 argumen-
899 4575 984 4639 tiliois,
997 4583 1052 4627 turn
1070 4571 1191 4628 eeclesiae
1209 4571 1355 4624 universae.

247 4646 307 4690 turn
325 4640 402 4708 plene
420 4642 572 4694 exolvimus.
