3700 5659
777 499 871 570 curor
889 522 929 567 n.
1397 512 1437 578 75

213 618 270 687 ‘est
289 620 406 704 placere
421 620 493 684 Deo.
514 617 558 682 Ne
588 611 657 700 uuis
678 634 748 682 vero
771 616 835 696 exi·
876 615 999 692 sih-sed
1018 616 1221 700 potissimum,
1236 617 1329 686 immo
1350 635 1379 688 et
1392 613 1479 709 absd-

210 706 345 786 ‚stimet,
362 703 489 782 intelligi
506 703 681 786 Apostolum
694 722 782 784 posse
799 703 835 765 de
874 702 938 764 lute
957 721 992 764 ex
1007 703 1124 766 obiecto
1145 705 1263 782 formati
1293 717 1346 772 se'u
1370 725 1477 777 aucto-

223 791 287 853 tide
308 789 439 852 naturali
457 789 504 851 ret
533 788 702 870 implicita,
722 785 834 849 idcirco
875 787 962 849 ritate
982 787 1038 870 Dei,
1052 789 1224 866 revelantis,
1243 801 1276 854 ut
1295 801 1376 876 patet
1391 817 1423 860 ex
1439 801 1478 862 A·

224 875 296 937 eius
312 873 517 936 definitionem
530 872 740 954 praemiserat,
753 873 835 954 quod
874 873 1004 952 p'ostoto,
1024 871 1110 933 Rom.
1133 870 1182 952 ΙΙΙ,
1209 876 1239 951 3;
1262 877 1314 940 uhi
1329 875 1474 947 rationem

222 955 836 1040 nempetidessitsperandarumsubstan·
874 955 1015 1030 reddens,
1036 975 1129 1038 quare
1156 953 1294 1022 Abrahae
1327 965 1400 1028 fides
1430 989 1476 1032 re-

222 1043 266 1119 tia
283 1048 836 1122 rerum,argumentumnonapparen—
874 1046 978 1120 putata
997 1041 1086 1102 tuerit
1104 1041 1141 1103 ad
1160 1039 1316 1123 iustitiam,
1331 1050 1384 1112 ait:
1402 1051 1474 1115 Cro„

222 1127 319 1204 tium,
337 1134 438 1208 etqua
457 1124 610 1188 iustificati
637 1133 707 1187 sunt
725 1124 835 1188 veteris
875 1123 950 1186 didit
966 1121 1118 1186 Abraham
1139 1125 1211 1204 lieo,
1233 1147 1286 1190 seu
1313 1129 1373 1194 Deo
1393 1156 1476 1202 rene-

223 1211 402 1273 testamenti
420 1210 621 1292 patriarchae.
875 1205 949 1270 tanti
966 1209 1092 1271 credidit
1112 1210 1150 1272 ob
1170 1212 1235 1273 eius
1250 1217 1471 1286 auctoritatem.

266 1297 347 1358 295.
379 1294 511 1390 ldipsum
541 1292 710 1355 innumeris
740 1312 834 1376 prope
874 1291 911 1353 Et
925 1293 1024 1376 reipsa
1039 1293 1111 1356 hacc
1128 1305 1173 1358 est
1190 1295 1374 1378 hdes,quam
1392 1303 1472 1368 Scri-

221 1379 302 1442 locis
323 1379 410 1442 docet
429 1378 508 1440 idem
537 1378 699 1460 Apostolus
722 1386 751 1439 et
783 1379 841 1438 in·
873 1382 962 1458 ptura
983 1387 1127 1460 perpetuo
1147 1385 1354 1463 commendat,
1375 1397 1404 1450 et
1423 1411 1475 1451 ηε-

221 1466 329 1526 culcat
343 1463 491 1538 scribens,
512 1462 665 1524 hominem
684 1461 832 1524 iustihca-
873 1463 1034 1524 cessariam
1054 1463 1090 1524 ad
1108 1462 1348 1531 iustificationum
1375 1481 1405 1534 et
1423 1494 1473 1538 su-

221 1548 248 1608 ri
270 1567 331 1629 per
346 1547 447 1609 fidem.
472 1545 568 1617 Quam
598 1544 763 1607 doctrinam
791 1545 833 1608 ita
872 1545 965 1608 tutem
984 1547 1122 1608 adstruit.

221 1631 352 1714 exponit
363 1629 570 1709 Tridentinum
580 1626 740 1692 concilium
754 1649 829 1692 sess.
914 1629 989 1692 298.
1010 1631 1086 1693 llum
1107 1631 1342 1715 affirmavimus,
1374 1641 1473 1704 nenti.

221 1718 260 1793 h,
276 1736 350 1797 cap.
373 1715 403 1777 8:
422 1715 497 1779 Cura
515 1732 583 1777 uero
610 1714 769 1794 Apostolus
787 1715 833 1778 di·
872 1712 903 1773 ni
929 1713 1042 1776 aditum
1076 1715 1113 1778 ad
1135 1719 1261 1780 salutem
1283 1731 1396 1802 patere,
1415 1728 1472 1792 nisi

220 1801 259 1862 cit
280 1799 396 1880 (Rom.
424 1797 489 1878 ΙΙΙ)
508 1799 666 1880 iustificari
684 1799 832 1861 hominem
871 1817 926 1877 per
940 1799 1040 1884 sidem,
1058 1803 1340 1880 comprehendimus
1354 1817 1415 1870 turn
1428 1811 1472 1872 in·

219 1903 275 1963 per
296 1885 400 1965 fidein
421 1893 449 1946 et
467 1883 574 1966 protis,
592 1900 626 1946 eo
644 1883 781 1946 certain
800 1901 832 1945 eo
872 1881 980 1960 tantos,
1000 1891 1060 1946 tutu
1083 1885 1218 1964 adultos3
1239 1889 1296 1948 hoc
1313 1899 1412 1956 tamen
1432 1897 1474 1958 t'a-

219 1987 315 2031 sensu
333 1967 531 2049 inteltipendo
547 1976 634 2044 saint,
654 1985 738 2046 quen
758 1985 831 2046 per·
872 1974 918 2026 cto
935 1965 1123 2043 discrimine,
1155 1971 1235 2050 quod
1260 1971 1389 2038 intentes
1411 1979 1473 2040 sut-

220 2062 332 2132 pernen
349 2055 482 2115 ecclesiae
499 2052 659 2114 catholicoe
672 2067 833 2114 cerasensns
871 2058 978 2112 nentur
995 2069 1047 2132 per
1075 2052 1213 2114 virtutem
1239 2053 1308 2124 fidei
1327 2057 1470 2134 intusum,

221 2139 336 2213 ten-uit,
358 2145 385 2199 et
402 2138 567 2216 oppressit:
598 2145 631 2198 nt
650 2135 760 2198 scilicet
775 2153 833 2214 per
872 2151 949 2214 quae
964 2144 992 2196 et
1007 2135 1170 2199 habitualis
1189 2146 1234 2199 est
1252 2159 1285 2200 ac
1305 2141 1474 2208 infunditur

219 2224 314 2301 fidem
332 2222 397 2283 ideo
415 2222 575 2300 iustificari
596 2221 746 2295 dicunctur,
761 2221 832 2299 pinio
870 2237 925 2298 per
950 2219 1109 2300 baptisma
1126 2219 1219 2282 adulti
1237 2241 1319 2304 vero,
1339 2227 1398 2290 nisi
1417 2229 1473 2310 ipsi

221 2308 295 2386 fides
316 2313 360 2367 est
379 2307 528 2368 hermunne
559 2305 665 2367 solutis
696 2304 830 2381 initium,
871 2301 939 2364 tidei
960 2313 1059 2366 actum
1087 2305 1219 2383 eliciant,
1248 2309 1474 2393 cuiuscapaces

222 2393 471 2470 hindumentuut,
492 2398 526 2470 et⁴
546 2391 639 2452 rudia
664 2389 761 2450 omnis
779 2389 831 2452 in-
871 2395 961 2465 sunt,
994 2389 1120 2462 salutem
1145 2397 1297 2454 aeternam
1325 2415 1385 2458 non
1406 2418 1470 2480 pos

224 2473 436 2555 stificutionis:
458 2474 522 2535 sine
558 2491 617 2554 pun
653 2473 833 2551 impossihile
872 2479 943 2534 sunt
955 2473 1092 2554 adipisci.

226 2569 265 2621 est
282 2562 402 2640 ptucere
419 2559 491 2634 Deo,
512 2567 538 2619 et
556 2561 595 2621 nd
611 2557 745 2639 fitiorum
767 2557 832 2620 eius

226 2643 413 2705 consortium
435 2642 603 2722 peruenire.
628 2640 686 2702 Sed
704 2640 729 2702 si
755 2636 831 2704 hdes
1062 2641 1235 2689 Pss⁰P⁰S¹T¹⁰
1254 2642 1286 2726 ΙΙ·

228 2725 309 2790 iuxta
335 2725 504 2788 catholicae
532 2725 678 2788 ecclesiae
707 2743 828 2786 sensum
870 2729 966 2798 (tunnis
985 2737 1089 2796 tempore
1108 2737 1218 2786 ouantibus
1236 2741 1327 2787 adultis
1342 2747 1476 2796 necessaria

229 2821 269 2872 est
284 2812 438 2873 humanae
449 2810 555 2872 salutis
571 2809 705 2889 initium,
724 2818 830 2889 estque
904 2806 938 2849 est
955 2805 1012 2860 fides
1029 2805 1144 2863 supliciter
1169 2810 1195 2852 tn
1217 2805 1297 2854 Deum
1309 2818 1476 2860 remunerentu-

234 2896 309 2956 radin
328 2903 360 2956 et
377 2894 605 2956 tundamentum
630 2895 721 2956 totius
744 2891 831 2954 iusti·
889 2883 955 2918 ’Μ’
973 2875 995 2919 Ἰ
1012 2875 1190 2958 reparantem.

234 2979 387 3056 lucutionis,
408 2997 496 3040 nenio
519 2978 653 3060 proiecto
675 2977 740 3038 siue
773 2978 828 3038 huc
912 2978 985 3042 299.
1007 2977 1138 3061 Utraque
1163 2982 1376 3064 propositionis
1408 3006 1475 3068 pars

230 3063 282 3124 tide
297 3062 474 3141 iustificari,
491 3081 579 3125 nemo
599 3063 726 3125 satutem
742 3081 828 3124 asse·
870 3080 905 3124 ex
923 3062 1085 3146 ¹Scripturis
1104 3067 1271 3128 luculenter
1289 3069 1475 3133 demonstro-

228 3147 276 3227 qni
292 3155 403 3230 potest.
871 3157 929 3209 tur.
963 3151 998 3214 Et
1031 3151 1150 3230 quidem
1182 3154 1381 3216 necessariam
1410 3174 1476 3216 esse

256 3233 332 3294 296.
348 3230 434 3302 Quod
450 3229 580 3314 denique
595 3229 745 3295 contraria
761 3249 828 3292 sen·
869 3231 957 3294 fidem
978 3233 1145 3316 explicitam
1167 3236 1197 3296 in
1216 3235 1309 3298 Deum
1332 3257 1474 3302 renmne-

226 3315 317 3377 tentia
347 3315 512 3378 catholicae
545 3313 699 3377 doctrinae
725 3315 827 3377 inelu·
868 3327 1012 3394 ratonem,
1039 3339 1093 3380 nos
1115 3319 1253 3382 dubitare
1271 3341 1331 3384 non
1351 3321 1474 3399 sinunt,

224 3399 376 3462 ctabiliter
389 3401 581 3476 adversetur,
600 3408 681 3482 patet
709 3420 745 3462 ex
771 3398 826 3462 da·
868 3420 946 3482 quae
965 3404 1104 3480 leguntur
1117 3401 1208 3464 Hehr.
1229 3424 1268 3484 ει,
1285 3407 1324 3466 o:
1347 3407 1473 3470 Credere

224 3496 380 3546 mnauone
408 3483 708 3567 propositionum-ah
733 3481 825 3545 lnno-
867 3497 982 3565 oportet
1010 3489 1190 3549 accedentem
1220 3483 1475 3570 odilmannum

223 3569 322 3630 centio
340 3566 379 3641 Xl
401 3569 489 3646 tacta3
510 3585 617 3648 nempe
641 3570 671 3628 1ο
694 3569 827 3634 Nonnisi
866 3579 920 3647 est,
941 3579 968 3634 et
987 3572 1209 3650 inquirentibus
1223 3590 1252 3634 se
1266 3586 1475 3656 remuneraretur

222 3654 295 3731 fides
312 3654 405 3714 uncins
422 3653 488 3714 'Dei
514 3654 680 3716 necessaria
708 3653 827 3715 uidetur
867 3656 906 3718 sit
915 3680 929 3729 ;
956 3655 1112 3735 inquibus
1128 3655 1319 3718 verbisratio
1336 3659 1473 3720 contine-

223 3737 395 3800 neccssitute
412 3736 514 3809 medii,
528 3754 589 3799 uon
609 3745 707 3798 nutem
726 3737 825 3816 eupli·
868 3746 916 3800 tur
930 3738 1029 3800 ultimi
1049 3739 1116 3800 huis
1136 3747 1165 3800 et
1184 3735 1294 3802 obiecti
1314 3741 1474 3818 heatitudi-

222 3823 280 3882 citu
296 3820 549 3894 rernunerotoris;
566 3819 695 3884 norton
707 3822 764 3883 inte
781 3823 826 3883 di·
868 3824 915 3884 nis
932 3823 1186 3904 supernaturalis,
1206 3823 1235 3884 in
1257 3826 1317 3904 qua
1336 3826 1474 3888 consistit

222 3914 267 3965 ctu
287 3923 326 3965 ea·
345 3905 512 3968 testimonio
534 3913 758 3981 creuurnrum,
779 3907 825 3967 si·
867 3907 1037 3968 essentialis
1056 3907 1260 3970 remuneratio
1275 3919 1471 3989 sanctorum3

223 3989 325 4051 milire
350 3989 483 4068 motion,
515 3989 555 4053 ud
586 3989 826 4072 iustificationum
866 3991 974 4053 deinde
991 3991 1155 4054 includitur
1173 3992 1262 4070 Deus,
1285 4003 1318 4056 ut
1337 4001 1382 4056 est
1394 3995 1474 4075 prin·

223 4069 353 4154 sufficit(
375 4071 402 4152 ).
867 4075 972 4157 cipalis
994 4085 1099 4142 auctor
1114 4077 1248 4140 iustitiae
1266 4087 1295 4140 et
1315 4079 1471 4144 remissio-

264 4158 342 4219 nur.
360 4156 435 4220 Cum
464 4175 534 4219 varo
564 4155 715 4235 dicimus,
737 4156 833 4230 tidem¹
867 4162 914 4221 nis
932 4171 1140 4242 peccatorum,
1154 4163 1273 4222 demum
1289 4164 1366 4224 ratio
1382 4164 1471 4226 otiam

224 4240 482 4321 supernaturalem
500 4242 707 4304 necessariam·
725 4241 826 4302 omni·
867 4245 1003 4308 redditur
1034 4246 1125 4307 huius
1155 4245 1362 4324 necessitatis,
1379 4247 1470 4328 quia,

224 4321 280 4386 bus
298 4324 337 4387 ad
355 4324 483 4388 salutem
507 4331 535 4388 et
567 4326 673 4408 quouis
692 4333 825 4407 ternpore
867 4347 936 4393 cum
955 4329 1028 4394 tides
1043 4350 1103 4392 non
1123 4331 1220 4391 solum
1241 4330 1280 4391 sit
1303 4332 1472 4394 necessaria

223 4407 330 4486 tuisse,
349 4428 417 4472 eam
436 4408 647 4487 designamus,
668 4430 747 4491 quae
764 4429 825 4470 non
866 4422 988 4494 propter
1003 4432 1058 4492 so,
1083 4415 1137 4476 sed
1164 4415 1255 4476 etiam
1275 4425 1397 4495 propter
1415 4434 1469 4475 vo·

224 4500 338 4554 tantum
361 4511 400 4554 eu
429 4493 547 4556 obiecto
577 4494 726 4558 materiati
757 4494 825 4554 talis
867 4499 1013 4560 luntatom
1027 4500 1043 4579 (
1058 4498 1207 4578 siquidem
1223 4498 1404 4560 adsalutem
1420 4517 1471 4560 no·

208 4582 223 4618 -‘
259 4603 559 4677 (npfflpngmn
582 4610 822 4680 laqueamina
865 4581 1029 4644 cessarium
1063 4592 1108 4644 est
1143 4583 1266 4659 diligere
1295 4582 1411 4662 herren,
1438 4595 1471 4660 nt

225 4673 252 4726 in
270 4675 377 4728 Troclea
395 4681 500 4744 theolog.
517 4681 656 4732 damnatur.
674 4675 788 4731 inieram.
864 4667 1090 4748 supernaturale
1109 4667 1232 4741 honum,
1250 4671 1279 4728 et
1298 4686 1418 4747 sperare
1429 4668 1468 4730 il-
