3700 5659
761 593 855 638 curor
873 595 913 638 ur.
963 631 971 644 ,
1156 637 1160 643 ,
1361 581 1423 643 ute

259 690 315 754 92.
335 687 471 750 Dicimus
489 686 532 764 5⁰,
550 685 674 747 minime
694 683 823 765 pendere
862 684 973 764 gradus
1005 683 1198 764 intelligenda
1231 705 1313 764 esse,
1346 690 1466 770 exponit

217 775 357 838 caritatis
386 771 599 854 perfectionem
629 768 728 850 quoad
757 769 823 830 eius
864 769 941 830 idem
954 788 980 830 s.
997 769 1112 844 doctor,
1129 771 1282 832 scribens:
1303 775 1466 838 Dicendum

218 859 384 923 essentiam
398 857 436 917 ab
447 856 571 917 allectos
584 855 752 915 intensione
762 853 825 914 sive
863 855 941 932 prend
957 855 1080 932 perfecti
1093 855 1182 916 etiem
1198 858 1230 918 in
1250 858 1376 919 roritnte
1390 879 1465 937 pro-

218 943 347 1020 maiori,
368 942 430 1004 sive
456 940 577 1000 minori.
602 938 673 1000 Nam
700 937 747 1016 lugi
768 956 823 998 ne·
863 939 981 1018 nectant.
1004 940 1061 1002 Sed
1078 956 1139 1001 non
1157 949 1199 1001 est
1218 943 1257 1002 od
1274 941 1327 1002 boc
1345 944 1464 1021 princi-

219 1029 287 1109 quit
306 1027 454 1088 terminus
468 1022 646 1085 intensionis
660 1022 821 1093 eiusmodi,
861 1024 940 1102 pridie
963 1041 1066 1084 eorum
1091 1041 1184 1097 enirm·
1206 1027 1256 1086 sed
1279 1026 1341 1088 iarn
1362 1045 1466 1091 eornm

217 1114 301 1174 ultra
320 1129 409 1192 quem
428 1108 565 1190 progredi
582 1126 641 1169 nou
660 1107 772 1187 possit;
793 1126 824 1168 a·
862 1108 995 1169 stadium
1007 1109 1087 1169 circo
1097 1111 1150 1170 ιιι
1165 1111 1295 1172 monime
1313 1122 1461 1186 censetor,

218 1197 343 1276 deoque
358 1213 512 1273 nunqnam
530 1211 667 1254 summus
682 1191 821 1252 babetur.
864 1200 896 1254 ιιι
921 1193 978 1253 Deo
999 1193 1187 1254 inboereont.
1210 1196 1249 1257 et
1268 1198 1402 1273 qttornois
1422 1206 1466 1261 et-

216 1281 349 1342 Difficile
366 1279 489 1358 insuper
506 1287 551 1339 est
570 1275 821 1356 comparationem
863 1277 924 1338 inm
938 1277 991 1338 boc
1002 1287 1147 1354 ptinerent
1163 1279 1334 1358 incipientes
1352 1291 1378 1342 et
1395 1300 1466 1360 pro·

216 1365 382 1426 instituere
406 1362 484 1423 inter
507 1362 651 1422 maiorem
675 1368 704 1420 et
723 1360 823 1420 mino·
862 1362 1001 1441 Jitientes,
1017 1370 1116 1424 tomen
1131 1365 1227 1442 mnpis
1239 1365 1370 1425 ectitinnt
1384 1368 1465 1429 circo

217 1468 285 1510 rem
310 1447 448 1526 gradum.
475 1445 633 1507 Praeterea
656 1463 724 1505 cum
757 1445 823 1515 talis
863 1445 924 1507 alin
935 1464 1020 1507 sitnm
1034 1447 1275 1510 sollicitudinem:
1291 1450 1466 1529 incipientes

216 1533 355 1594 intensio
374 1549 481 1608 magna
503 1531 607 1592 saltem
633 1547 667 1590 ex
695 1537 777 1608 parte
806 1547 822 1590 a
863 1531 979 1608 pelidem
1010 1531 1046 1591 de
1081 1532 1224 1594 vitatione
1258 1544 1463 1612 pcccatorum,

217 1636 315 1679 sensu
347 1625 377 1678 et
402 1636 419 1677 a
449 1615 577 1676 naturali
610 1613 823 1676 constitutione
861 1616 1048 1694 proficientes
1066 1632 1136 1677 vero
1159 1617 1195 1679 de
1214 1620 1347 1697 profecto
1365 1619 1465 1681 viete-

218 1702 353 1782 pendeat
376 1699 475 1781 potius
499 1718 588 1778 quarn
613 1718 630 1760 a
651 1697 821 1774 voluntate3
864 1707 929 1761 tan
949 1701 1010 1780 (3).

218 1787 295 1847 hinc
314 1786 402 1846 bomo
422 1785 451 1844 in
468 1792 611 1865 perpetua
629 1781 823 1843 lluctuatioue
906 1784 958 1844 et.
984 1783 1116 1845 Dicimus
1137 1785 1178 1860 7⁰,
1201 1786 1281 1866 quod
1301 1788 1407 1849 attinet
1428 1788 1466 1850 ad

218 1881 252 1932 et
281 1871 430 1931 anxietate
452 1868 568 1929 versari
590 1867 730 1942 deberet,
753 1885 822 1926 num
864 1867 979 1948 praxim
1002 1877 1033 1930 et
1058 1869 1095 1929 ad
1121 1871 1229 1931 melius
1248 1871 1466 1948 dignoscendos

219 1955 335 2016 babeat
359 1972 453 2014 necne
471 1952 624 2014 caritatem
647 1949 827 2034 requisitam,
863 1953 997 2014 caritatis
1010 1954 1221 2033 appretiativae
1238 1955 1360 2029 grandus,
1376 1957 1465 2018 hosce

220 2039 261 2100 ad
289 2037 382 2099 Deum
411 2037 541 2118 perfecte
567 2035 770 2114 diligendum,
795 2043 824 2096 ct
862 2036 977 2112 gradus
987 2037 1067 2098 iuxta
1080 2039 1240 2099 nonnullos
1255 2039 1295 2099 ita
1307 2041 1463 2117 distingui:

218 2122 349 2204 proinde
361 2121 398 2184 ad
409 2130 599 2204 peccatorum
615 2119 822 2180 remissionem
864 2121 945 2200 quod
969 2123 1087 2202 primite
1106 2124 1162 2198 sit,
1184 2143 1251 2184 com
1274 2123 1352 2186 [leus
1373 2143 1466 2206 super

219 2207 456 2286 assequendam.
475 2204 577 2266 Restat
592 2205 693 2284 igitur,
708 2213 741 2265 ut
755 2223 823 2265 curn
864 2205 965 2266 omnia
983 2205 1133 2284 diligitur,
1158 2226 1235 2286 quae
1258 2208 1388 2270 obtineri
1413 2219 1465 2271 ιιιι

219 2291 358 2369 angelico
383 2291 505 2352 doctore
531 2291 731 2365 alixrmexnuS,
752 2289 824 2350 satis
863 2290 985 2351 retineri
1003 2300 1156 2371 nequeunt
1173 2293 1238 2353 sine
1255 2297 1335 2370 gravi
1354 2294 1403 2354 [lei
1421 2295 1466 2354 os·

220 2394 290 2452 esse
312 2375 351 2436 ad
372 2394 469 2436 reram
492 2374 692 2436 essentialiter
712 2373 823 2434 carita·
864 2373 967 2448 sensa,
986 2376 1027 2437 ita
1054 2385 1087 2437 ut
1112 2376 1204 2438 [lenm
1230 2372 1356 2454 diligens
1383 2381 1465 2440 indit

216 2460 296 2537 tem,
311 2459 593 2538 quod-bobitnuliter
606 2458 716 2535 olienis
729 2466 824 2520 toletan
866 2459 951 2521 bouis
971 2461 1030 2521 illis
1049 2478 1164 2538 carere,
1184 2481 1273 2542 quam
1293 2473 1396 2524 contra
1412 2483 1464 2524 vo-

220 2562 374 2606 corsnnm
387 2553 480 2624 ponet
500 2545 533 2604 in
551 2545 621 2620 Deo,
642 2543 821 2620 itascilicet,
864 2543 1008 2606 luntatem
1029 2545 1186 2625 legemque
1210 2546 1339 2608 diuinam
1365 2550 1463 2623 gratui-

221 2630 302 2708 pared
318 2630 397 2692 nibil
412 2631 514 2710 copitet
533 2628 578 2696 vel
592 2627 672 2702 tulit,
689 2628 766 2705 qnod
779 2629 824 2688 di·
864 2635 909 2688 tex·
931 2629 1111 2701 obligantern
1132 2631 1182 2690 illa
1197 2631 1333 2692 obtinere
1351 2643 1403 2692 ιιιι
1420 2652 1465 2694 re-

220 2714 310 2774 oinoe
323 2714 475 2775 dilectioni
488 2713 526 2773 sit
540 2712 740 2784 centenarium
750 2728 824 2788 qnae
865 2711 971 2774 tinere.
993 2713 1046 2775 llic
1065 2714 1175 2790 gradus
1189 2733 1257 2775 cum
1278 2717 1415 2777 excludat
1428 2739 1464 2777 o-

221 2798 361 2860 coritotie
383 2797 523 2877 perfectio
548 2797 713 2858 communis
729 2805 771 2857 est
788 2813 823 2856 o·
865 2815 963 2858 mnem
989 2799 1128 2858 allectum
1147 2798 1184 2858 ad
1208 2802 1333 2859 ritortale
1356 2819 1463 2879 pecca-

220 2883 342 2943 rnnibns
356 2878 766 2957 notentttoscnrnonmtt).
782 2879 822 2940 Ει
865 2889 949 2952 tum,
969 2881 1075 2961 sttfficit
1102 2892 1131 2942 et
1155 2885 1339 2944 necessarios
1360 2894 1406 2945 est
1427 2886 1464 2946 ad

221 2983 284 3045 quo
299 2964 823 3041 inlectur,bancintonsionembaud
863 2965 1004 3026 salutem.
1031 2966 1184 3029 Secundus
1208 2976 1270 3040 est,
1290 2987 1358 3027 curn
1387 2971 1464 3029 ileos

222 3068 290 3112 esse
307 3050 496 3111 essentialem
514 3049 641 3125 caritati,
657 3047 709 3108 sed
724 3048 821 3108 solum
863 3059 985 3130 propter
998 3068 1031 3111 se
1045 3050 1179 3126 diligitur
1193 3053 1407 3130 superomnia,
1423 3054 1463 3114 ita

222 3134 458 3210 accidentalem,
477 3133 533 3195 etsi
556 3132 820 3213 maximeoptabi·
864 3141 896 3194 ut
920 3135 1009 3195 bomo
1033 3144 1154 3215 paratus
1176 3135 1216 3196 sit
1239 3137 1338 3215 potius
1361 3157 1464 3199 carere

221 3219 294 3280 lem.
863 3218 1000 3298 quolibet
1032 3220 1111 3280 bono
1140 3221 1184 3281 rel
1217 3221 1373 3300 quodlibet
1404 3223 1462 3303 pati

264 3302 534 3380 anninhausen,
556 3302 587 3363 iu
610 3301 675 3382 ipsa
699 3300 823 3362 caritate
865 3303 993 3379 xnalurn,
1014 3324 1104 3385 quam
1131 3305 1223 3366 Deum
1245 3306 1348 3366 leviter
1367 3309 1463 3368 olien-

221 3388 354 3467 perlecta
368 3389 466 3449 varios
480 3385 588 3464 gradus
608 3385 730 3447 maioris
752 3405 822 3468 per·
863 3385 945 3449 dere.
968 3388 1021 3450 llic
1039 3388 1158 3467 gradus,
1173 3392 1310 3469 qnaxuris
1329 3410 1464 3452 necessa·

221 3471 523 3548 iectionisdistingui3
537 3471 581 3532 sic
592 3471 670 3532 enim
683 3488 822 3550 expresse
862 3472 925 3532 rius
936 3473 975 3534 sit
986 3473 1023 3533 ad
1031 3475 1237 3553 perfectionem
1252 3476 1460 3553 cbristimmnt,

221 3555 309 3618 docet
332 3575 359 3617 s.
379 3555 529 3631 Thomas,
550 3564 610 3618 tres
635 3555 821 3630 distinguens
862 3575 922 3616 nou
940 3566 1099 3617 esttamen
1118 3559 1306 3618 necessarius
1324 3559 1360 3617 ad
1379 3563 1462 3620 antet-

219 3639 250 3700 iu
269 3660 307 3702 ea
323 3640 445 3718 gradus,
466 3639 581 3701 scilicet
599 3639 819 3720 incipientium,
861 3648 930 3718 tem,
942 3658 1009 3701 curn
1026 3659 1084 3701 non
1100 3641 1185 3702 cadat
1199 3641 1256 3701 sub
1270 3655 1460 3722 praeceptum

219 3725 454 3804 proficientium,
469 3732 499 3785 et
511 3725 722 3806 perlectorum.
742 3721 821 3784 luci·
862 3725 918 3786 sub
937 3725 1055 3786 mortali
1076 3744 1131 3786 nos
1148 3725 1284 3801 obligans
1303 3745 1358 3787 sno
1384 3738 1462 3788 tem-

219 3808 368 3889 pieutium
383 3808 492 3873 caritas
509 3807 687 3870 consistitin
702 3826 821 3869 recessu
862 3828 949 3889 pore,
969 3818 1000 3872 et
1020 3809 1147 3871 uerrialia
1170 3819 1290 3890 peccata
1308 3812 1395 3872 etiam
1416 3815 1461 3872 vi-

220 3893 822 3974 apeccato,etrcsistentiaconcupiscen·
863 3903 925 3955 tare
955 3894 1105 3974 possimus
1131 3912 1164 3954 ex
1195 3895 1303 3956 motivo
1333 3897 1483 3957 aliarum

220 3976 295 4056 tiae;
312 3976 531 4059 proficientium
546 3996 615 4039 tero
630 3977 660 4039 in
676 3976 820 4038 virtutum
861 3979 1016 4039 virtutum.
1041 3979 1225 4051 Pertinacem,
1241 3999 1309 4059 cum
1331 3979 1408 4042 lleus
1421 3982 1462 4042 ita

219 4063 445 4140 exercitatione,
465 4061 576 4142 quibus
595 4061 756 4123 roboratur
773 4079 821 4122 ca·
861 4073 983 4144 propter
1000 4081 1032 4124 se
1047 4062 1182 4140 diligitur
1196 4082 1287 4144 super
1301 4065 1414 4141 omnia,
1430 4075 1461 4128 ut

217 4146 312 4224 ritas3
334 4148 533 4228 perlectorum
557 4145 687 4226 denique
705 4145 736 4206 in
754 4154 820 4207 stu·
862 4166 919 4208 non
938 4147 1035 4218 solum
1054 4148 1184 4210 uitentur
1204 4149 1245 4209 illi
1266 4153 1395 4226 graviter
1409 4162 1461 4213 ant

217 4229 268 4292 dio
287 4230 471 4294 adhaerendi
491 4231 551 4292 [leo
573 4249 608 4292 ac
630 4249 665 4294 eo
688 4230 817 4292 iruendi.
860 4231 965 4293 leviter
977 4231 1177 4314 displicentia,
1190 4233 1243 4294 sed
1257 4234 1347 4296 etiam
1362 4235 1460 4296 minus

216 4313 292 4377 Cum
312 4334 420 4396 nempe
438 4314 558 4378 dissolri
573 4316 698 4398 cupiunt
709 4323 739 4377 et
753 4333 819 4376 esse
858 4324 943 4396 grata
959 4324 989 4378 et
1006 4325 1139 4397 accepta,
1156 4327 1186 4379 et
1199 4317 1242 4379 sic
1258 4318 1348 4380 bonno
1366 4320 1458 4379 lterum

216 4418 287 4462 cum
308 4399 426 4462 Christo
442 4400 503 4480 (9).
523 4397 606 4471 thae
624 4399 744 4480 quidem
759 4418 818 4460 nou
858 4401 986 4477 diligens
999 4421 1118 4484 semper
1135 4403 1225 4479 eligat
1244 4403 1289 4479 id,
1310 4402 1390 4482 qirod
1410 4404 1459 4462 iu-

213 4482 366 4564 insensu,
379 4492 413 4547 ut
427 4485 683 4563 aiunt,exclusiro
696 4484 818 4546 alterius
858 4485 938 4548 dicat
955 4504 1021 4548 esse
1038 4487 1153 4563 gratius
1171 4495 1200 4546 et
1217 4491 1369 4565 acceptius
1386 4487 1455 4548 lteo.

249 4617 290 4686 (4)
310 4616 345 4681 Η,
362 4623 389 4680 2,
401 4634 428 4686 q.
441 4621 485 4681 rt,
497 4625 547 4668 m.
560 4621 585 4669 Β.
857 4568 912 4632 Hic
930 4570 1064 4633 caritatis
1081 4572 1191 4646 gradus
1209 4581 1255 4633 ost
1272 4574 1362 4633 etiam
1381 4590 1458 4654 prn-

249 4687 290 4754 (ι)
309 4684 343 4753 ll,
354 4691 382 4750 Ξ,
405 4703 432 4754 n.
454 4689 498 4750 tt,
516 4695 565 4739 art.
579 4689 605 4740 9.
623 4685 686 4738 ltem
699 4684 725 4738 io
743 4689 769 4749 5,
788 4682 814 4736 d.

207 4759 242 4840 J,
256 4771 284 4824 q.
298 4763 349 4808 art.
361 4759 390 4818 s,
403 4770 431 4822 q.
442 4758 469 4806 ι.
891 4753 929 4822 (ll)
943 4751 1003 4804 boc.
1021 4752 1067 4804 cit.
1080 4751 1110 4803 ad
1124 4758 1150 4806 3.
