3700 5659
333 481 351 531 ii
894 485 933 530 ult
950 486 1019 530 rtutt

335 597 445 643 nornen
461 574 638 658 accipimus,
655 573 773 638 dumde
787 575 938 639 hdetheo·
978 596 1067 657 quaxn
1085 583 1244 652 testantur,
1257 593 1293 638 eo
1309 573 1404 655 pluris
1420 573 1591 654 unusquis-

335 663 433 741 logira
451 661 637 722 disserimus.
657 693 660 700 v
978 680 1038 741 que
1048 661 1118 722 lacit
1133 660 1281 721 eiusmodi
1291 659 1508 732 testimouium,
1520 679 1586 738 quo

381 749 411 807 3.
433 745 629 826 Fidesitaque
648 745 802 808 hocsensu
816 764 855 805 ao
869 752 939 822 exta
979 744 1227 818 firmiusiudicat,
1239 754 1330 805 testes
1340 743 1462 803 neclalli
1480 761 1584 822 posse,

340 831 407 894 ideo
427 829 595 907 theologica
617 829 737 906 dicitur,
762 828 885 910 perinde
904 847 939 889 ac
979 848 1034 889 nec
1054 829 1156 890 tallere
1174 830 1261 902 velle,
1285 846 1337 888 seu
1355 836 1444 907 prout
1456 846 1584 907 perspe-

340 935 409 996 spes
423 924 453 975 et
471 913 592 987 caritas,
622 923 655 974 ul
673 911 883 974 animadvertit
909 931 936 973 a.
979 923 1056 974 ctam
1081 922 1166 994 putat
1197 912 1351 973 veritatem
1370 929 1484 987 rerum,
1504 930 1584 990 qrxas

341 999 490 1060 Thomas:
515 998 588 1059 Turn
619 997 689 1076 quia
719 998 825 1060 hoderit
845 997 940 1058 Decem
981 1006 1114 1073 narrant,
1134 996 1246 1058 habere
1265 1005 1368 1070 testes,
1387 1004 1479 1074 atque
1508 1013 1583 1074 pro-

339 1083 528 1164 praeliata,
544 1082 853 1162 ireprrnrrlumpereoa
865 1089 941 1142 reete
980 1079 1035 1141 hos
1050 1099 1128 1152 esse,
1149 1079 1201 1160 qui
1219 1079 1315 1139 nolint
1333 1078 1409 1139 alios
1442 1079 1472 1138 in
1493 1096 1584 1138 erro-

342 1168 523 1230 erdinumtrr
548 1166 582 1226 in
614 1167 708 1228 ileum
719 1187 732 1238 ;
755 1174 819 1228 tum
834 1165 903 1243 prtia
922 1183 941 1226 cx
981 1183 1043 1225 rem
1062 1164 1217 1224 inducere.
1236 1161 1364 1233 Quodsi
1384 1181 1484 1223 rerum
1498 1161 1584 1222 noti·

342 1253 403 1313 solo
420 1253 480 1313 Deo
504 1250 587 1310 nohis
618 1249 856 1329 infrendentem
878 1258 941 1310 tem
981 1248 1053 1309 tiam
1073 1248 1248 1310 hauriamus
1264 1265 1322 1307 nun
1342 1245 1380 1307 ab
1393 1246 1583 1325 eo,quirem

343 1334 598 1414 prriosolodioioe
612 1333 790 1395 revelatione
808 1333 842 1393 in
856 1349 943 1396 ancre
981 1331 1155 1393 immediate
1173 1330 1245 1391 vidit
1263 1331 1307 1391 rel
1327 1330 1449 1405 detexit,
1470 1330 1522 1390 sed
1542 1329 1584 1390 ab

343 1419 494 1496 scripturo
509 1417 945 1478 lercittsmodioirlulrstrnduu·
983 1417 1062 1492 aliis,
1093 1416 1204 1496 quibus
1223 1414 1348 1476 traditae
1368 1415 1489 1490 luerint,
1510 1406 1596 1474 tunc'

346 1511 396 1565 trrr
415 1501 476 1580 (l).
495 1499 571 1561 Hinc
589 1499 711 1578 colligas
738 1501 809 1562 licet
836 1501 942 1560 harum
983 1501 1020 1560 ad
1040 1499 1127 1560 hrlenx
1143 1497 1304 1579 prudenter
1317 1498 1484 1579 hahendam
1498 1516 1586 1578 prae-

346 1586 487 1646 virlutum
499 1585 704 1645 excellentiam
720 1603 809 1664 supra
820 1583 944 1644 virtutes
984 1593 1067 1645 terea
1084 1583 1249 1663 requiritur
1267 1590 1300 1642 ul
1318 1601 1376 1642 uon
1395 1583 1493 1642 solum
1516 1582 1585 1641 sin-

347 1670 479 1749 reliquas
496 1687 600 1729 ouxrres
622 1667 684 1730 sive
702 1668 943 1743 intellectuales,
984 1668 1092 1729 coritas
1110 1664 1261 1747 praecipui
1284 1665 1415 1726 auctoris
1432 1665 1588 1745 explorata

348 1756 408 1815 sixe
428 1753 580 1828 morales,
604 1771 682 1832 quae
715 1771 822 1831 nempe
840 1751 878 1812 ad
895 1751 945 1810 in·
987 1751 1145 1826 habeatur,
1164 1768 1266 1811 rerum
1287 1750 1376 1811 etiam
1397 1767 1501 1810 eorum
1514 1767 1587 1808 uxri-

298 1903 305 1922 λ
349 1839 499 1898 tellectum
513 1843 565 1898 aut
580 1836 616 1897 ad
631 1841 729 1897 mores'
743 1834 947 1896 informandos
987 1835 1084 1911 nium,
1104 1853 1233 1914 quorum
1254 1833 1424 1894 testimonio
1442 1842 1473 1894 et
1490 1832 1588 1894 tradi-

348 1921 532 1994 releruntur,
553 1919 636 2000 quia,
658 1919 714 1981 etsi
732 1919 809 1980 istae
836 1918 949 2000 pariter
988 1919 1069 1981 tione
1089 1917 1194 1980 nolitia
1208 1917 1244 1978 ad
1259 1937 1313 1978 nos
1333 1936 1427 1997 usqne
1440 1916 1587 1997 pervenit.

348 2005 385 2066 ad
405 2005 497 2066 [lenm
529 2005 635 2064 ultimo
663 2003 840 2080 dirigantur,
869 2001 948 2063 haud
1033 2001 1150 2064 illinc
1170 2001 1590 2082 qrranxxishdesiuhiusecam

349 2097 448 2150 tamen
458 2089 568 2170 ipsum,
580 2087 703 2160 utillae,
716 2087 849 2170 proxime
860 2095 950 2166 alque
989 2086 1033 2149 rei
1049 2086 1492 2166 evidentiamhaberenequeat.
1503 2085 1589 2165 quia,

349 2172 522 2234 immediate
550 2171 709 2250 attingunt,
735 2181 787 2234 aut
811 2181 951 2232 contem·
991 2172 1096 2232 saltem
1114 2170 1239 2232 subuuo
1255 2170 1422 2250 eodemque
1437 2177 1590 2250 respectu,

350 2257 482 2338 piantur.
993 2255 1122 2316 excludit
1140 2254 1343 2316 immediatam
1367 2273 1468 2314 rerum
1485 2253 1593 2330 cogni-

393 2341 424 2400 d.
445 2339 489 2402 Ad
510 2337 674 2418 pleniorem
703 2337 771 2399 hdei
798 2337 951 2399 notionem
994 2339 1126 2417 tionem;
1147 2347 1245 2421 potest
1273 2348 1371 2400 tarnen
1394 2338 1593 2399 extrinsecam

351 2422 842 2504 comparandam,praemittimus,
864 2422 951 2483 sidem
995 2423 1107 2485 hahere
1139 2425 1329 2485 coniunctam
1350 2423 1527 2484 evidentiam
1565 2427 1598 2482 et

353 2507 518 2584 generatim
540 2517 688 2588 sumptam
708 2508 892 2586 praeseferre
923 2506 953 2566 in
994 2507 1217 2584 certitudinem,
1234 2527 1301 2570 cum
1320 2508 1436 2569 scilicet
1454 2515 1534 2569 tanta
1549 2513 1597 2566 est

355 2611 409 2652 suo
429 2599 574 2670 conceptu
593 2610 749 2652 assensum
766 2591 809 2653 rei
822 2590 956 2652 cuicum·
995 2592 1156 2654 testimonii
1176 2593 1351 2669 auotoritas,
1384 2603 1416 2652 ut
1434 2589 1599 2674 prudenter

354 2675 460 2755 queah
479 2675 630 2735 intellectu
648 2676 821 2755 praestitum
836 2684 956 2756 propter
996 2677 1121 2737 iudicari
1138 2675 1242 2758 possit,
1261 2695 1336 2748 rem,
1352 2694 1430 2756 quae
1443 2685 1596 2749 narratur,

354 2758 482 2820 dicentis
497 2759 717 2820 auctoritatem:
732 2759 880 2842 siquidem
898 2759 956 2820 tute
996 2760 1036 2822 ita
1055 2779 1133 2837 esse,
1156 2778 1210 2821 nec
1228 2759 1317 2822 aliter
1331 2779 1397 2821 esse
1417 2778 1518 2839 posse.-
1536 2758 1600 2819 Hac

354 2843 517 2920 credimus,
535 2863 612 2923 qrxae
632 2844 758 2905 aliorum
778 2863 849 2905 vore
863 2862 897 2905 ac
914 2853 957 2904 te·
995 2845 1186 2919 certitudine,
1197 2845 1516 2918 consentiuntomnes,
1533 2861 1600 2903 cer-

354 2929 496 2988 slimonio
516 2927 693 3008 accipimus
706 2947 773 2989 cum
795 2929 861 2989 eius
874 2927 958 2988 obie·
998 2940 1058 2990 tum
1070 2949 1148 3003 esse,
1161 2927 1269 2990 lulium
1280 2929 1436 2990 Caesarem
1450 2927 1598 3001 extitisse,

355 3019 435 3072 ctum
469 3012 508 3072 sit
522 3030 759 3087 rerumrerum
787 3023 886 3074 autem
918 3012 958 3073 sit
997 3014 1188 3093 eundemque
1229 3011 1381 3074 Rouxauae
1415 3009 1601 3090 reipublicae

356 3093 506 3156 obiectum
521 3095 672 3175 ¹proprium
690 3096 870 3157 intellectus.
998 3097 1131 3158 habenas
1151 3096 1262 3158 rexisse
1280 3106 1371 3175 alque
1401 3095 1520 3156 insidiis
1550 3093 1600 3154 in-

399 3181 429 3239 5.
447 3179 535 3239 Fides
545 3178 636 3254 igitur
647 3181 816 3241 necessario
832 3179 959 3240 includit
998 3189 1291 3262 teremplum,atque
1307 3179 1525 3257 idgenuslacta
1539 3177 1601 3240 alia

356 3261 455 3344 primo
473 3280 628 3324 assensum
649 3263 780 3344 aliquem
798 3263 892 3340 magis
906 3263 960 3324 mi·
999 3265 1222 3346 quamplurima
1242 3267 1302 3344 (3).

356 3363 449 3408 nosve
467 3346 585 3406 sxrxmxm
605 3365 658 3427 pro
685 3348 776 3425 gradu
794 3348 956 3428 opinionis,
1043 3352 1073 3410 8.
1094 3348 1150 3410 Sed
1170 3360 1203 3411 ul
1225 3349 1283 3410 iam
1304 3346 1426 3428 propius
1455 3346 1493 3407 ad
1512 3344 1602 3407 iidem

357 3449 447 3510 qnam
468 3430 593 3491 credens
610 3431 701 3493 hachet
730 3431 766 3493 de
782 3433 960 3493 auctoritate
1001 3433 1198 3508 theologicam
1222 3433 1412 3507 accedamus,
1434 3450 1498 3491 eam
1532 3447 1602 3489 cum

357 3515 514 3576 testantis:
535 3516 666 3577 secundo
692 3516 878 3592 negationem
900 3517 959 3576 im·
1001 3517 1316 3598 ApostoloHehr.x1,
1340 3535 1350 3577 x
1375 3516 1421 3575 his
1440 3513 1538 3576 verbis
1552 3512 1604 3574 de-

358 3598 505 3660 mediatae
516 3599 795 3676 cognitionis,rirca
805 3620 865 3661 rem
883 3619 961 3680 quae
1001 3601 1136 3664 linimus:
1159 3603 1211 3664 liat
1229 3606 1328 3663 aletae
1345 3601 1417 3680 fides
1437 3598 1604 3676 matrimo-

357 3694 510 3744 narratur.
529 3682 601 3745 Nam
636 3705 712 3766 quae
742 3704 795 3766 per
826 3683 959 3766 nosipsi
1001 3686 1607 3763 rrrmstrlstnntlnrernm,reprimentem

358 3768 590 3843 cognoscimus,
611 3787 646 3830 ea
664 3788 723 3830 non
757 3768 879 3832 credere
908 3767 961 3829 sed
995 3771 1063 3831 ‘ern
1082 3766 1607 3849 apparentium.Orthroerhneipuix

358 3851 436 3911 scire
454 3851 582 3912 dicimus
596 3853 663 3930 tl).
1001 3863 1078 3916 recte
1096 3855 1271 3915 coxrsideret.
1292 3851 1392 3931 inquil
1412 3869 1439 3912 s.
1460 3849 1605 3921 Thomas,

401 3934 431 3992 6.
452 3932 684 3996 inaestimanda
700 3943 799 3997 autem
821 3935 961 3997 testimo·
1002 3938 1277 4015 cummanentibus
1294 3939 1366 4014 fides
1379 3943 1472 4014 potest
1484 3930 1610 4012 definiri

359 4015 410 4076 nio
429 4015 512 4078 illius
530 4026 582 4078 aut
600 4018 733 4096 illorum,
754 4018 806 4098 qui
824 4037 886 4080 rem
903 4019 962 4080 ali·
1002 4022 1034 4081 ia
1051 4021 1204 4099 proedicto
1216 4021 1411 4100 descriptione
1422 4026 1607 4100 torreantur,

323 4172 327 4192 ‘-
393 4143 431 4209 (Ι)
450 4143 479 4222 1,,
490 4149 516 4222 2,
529 4163 554 4212 q.
568 4149 611 4208 62,
630 4163 654 4196 r·
675 4153 699 4199 l.
1005 4152 1064 4201 loris
1082 4153 1188 4213 llxrolop.
1206 4162 1271 4218 part.
1284 4156 1311 4201 5.
1325 4153 1361 4202 De
1373 4155 1490 4215 cantepia
1501 4153 1611 4200 rodente

391 4211 431 4277 (2)
451 4211 518 4262 halal
534 4224 617 4265 terrum
628 4214 771 4278 troarnum,
784 4215 852 4286 quod
866 4217 897 4268 ab
911 4232 963 4269 uuo
1004 4225 1026 4271 et
1043 4222 1114 4279 tirtel,
1133 4236 1191 4286 rap.
1209 4224 1237 4273 2.
1250 4236 1324 4285 prop.
1342 4223 1368 4269 la.

359 4284 543 4357 cognoscitur,
575 4281 606 4332 alx
625 4283 705 4334 altero
723 4283 858 4346 credatur,
887 4295 962 4351 prout
1038 4289 1076 4349 (ὅ)
1097 4287 1197 4336 l'rumrr
1218 4285 1391 4353 philosophos,
1409 4284 1453 4352 (μή
1479 4281 1611 4344 orurxtde

359 4349 484 4426 ¹rorttmgit
500 4365 549 4398 riou
567 4351 649 4400 solum
665 4354 688 4402 in
708 4351 812 4413 divinis,
828 4364 964 4404 vrrururt·
1004 4353 1172 4414 rur-titudine,
1191 4354 1223 4403 dr·
1237 4365 1292 4404 arte
1309 4355 1418 4412 critica,
1436 4351 1537 4403 roxxsnti
1550 4367 1611 4412 pne·

359 4431 407 4466 totu
428 4417 454 4468 in
475 4415 607 4476 lurmmrix,
627 4434 670 4469 ern
691 4422 850 4471 uatxxrnlxhus
867 4431 962 4470 vexatu-
1004 4432 1061 4470 rxxnt
1076 4420 1219 4472 llnrxoratns
1231 4439 1244 4471 a
1257 4422 1364 4473 ¹chlorio
1376 4423 1401 4470 in
1413 4437 1455 4484 op».
1471 4417 1612 4481 ttepnttmr

358 4483 435 4535 liluxs.
456 4483 563 4552 lrrsxxpru
575 4485 623 4536 sub
637 4487 737 4537 drxrrro
751 4501 867 4556 cospectu
886 4500 910 4540 rt
924 4489 963 4538 di·
1005 4505 1048 4537 xnr
1066 4494 1100 4539 leo
1117 4491 1193 4549 repta
1204 4496 1227 4539 et
1239 4506 1284 4538 aar
1300 4491 1391 4551 lxrxepe
1409 4493 1436 4536 ale
1454 4492 1478 4536 ln
1496 4488 1608 4548 «vetorque.

357 4565 431 4600 verso
450 4553 544 4603 irrotixn
568 4556 656 4605 enxlrnx
682 4572 721 4604 rrx
743 4563 769 4606 rt
795 4559 913 4622 cognosci
939 4567 963 4607 rt
1006 4556 1077 4606 l'mix
1095 4557 1289 4620 t7l33rtllau.
1304 4555 1493 4623 Peprbrorkln
1513 4558 1613 4618 Propr-

357 4617 430 4668 trcdx
448 4631 540 4689 potest,
567 4632 596 4673 ut
613 4624 770 4675 ostexxdimus
788 4626 814 4674 iu
834 4634 909 4678 tract.
929 4627 965 4675 lle
1006 4629 1060 4674 law
1077 4631 1108 4674 «ru
1120 4626 1186 4678 Arta
1203 4629 1316 4677 Suxrrtor.
1335 4629 1407 4675 muli.
