3700 5659
735 477 832 521 curer
843 477 882 519 rr.
1332 467 1386 524 qpq

185 584 372 650 christianae
387 575 541 654 religionis
561 571 735 649 dignitatem
762 577 791 629 et
831 589 883 630 seu
903 569 1071 630 contrariae
1092 569 1134 630 illi
1155 569 1308 633 doctrinae
1328 576 1436 634 ratbo-

188 673 221 733 ad
234 664 434 730 avertendum
454 656 640 722 seductionis
670 653 791 736 pericu·
832 653 918 730 licre,
941 671 1029 732 quam
1050 653 1178 715 ecclesia
1195 655 1363 735 profitetur.

188 758 261 830 lum,
283 748 402 831 quoda
419 742 539 806 ludaeis
558 738 675 802 lucilius
693 735 793 797 immi·
874 737 947 798 lbi.
970 735 1109 798 Haeresis
1122 745 1183 798 tum
1197 738 1234 799 ad
1246 738 1432 802 intellectum

190 855 258 899 uere
282 839 387 915 posset
412 829 474 909 (l),
494 835 559 888 tum
584 822 656 903 quia
673 820 793 900 saepius
834 819 951 882 tumad
974 821 1157 881 voluntatem
1177 822 1317 902 pertinet,
1347 833 1438 904 prout

190 916 362 983 christianis
397 909 535 995 permixti
571 904 792 980 inveniuntur,
835 903 919 981 fides,
938 903 986 964 cui
1002 903 1136 966 haeresis
1153 905 1325 986 opponitur,
1343 907 1381 968 ad
1397 927 1437 968 u·
1473 973 1475 978 ,

192 1016 250 1066 tum
272 1000 346 1082 quia
362 995 414 1059 isti
431 989 599 1075 capitaliori
619 988 688 1049 odio
713 985 797 1050 ctui-
835 996 973 1068 tramque
991 987 1162 1049 facultatem
1188 997 1313 1069 spectat.
1347 989 1438 1052 Fides

192 1090 225 1150 sti
258 1081 567 1161 fideminsectantum
594 1072 724 1154 quisque
751 1053 915 1132 in-lenim
940 1079 1081 1152 tanquam
1113 1071 1144 1132 in
1177 1072 1313 1135 subiecto
1339 1073 1371 1134 in
1390 1073 1464 1134 ina
1509 1135 1511 1140 ,

194 1169 301 1248 telligit
339 1165 433 1228 luisse
474 1157 637 1224 salubriter
673 1153 797 1217 institu·
839 1155 959 1217 tellcctu
978 1155 1071 1232 sistit,
1092 1154 1123 1215 in
1145 1156 1297 1220 vuluntate
1335 1165 1436 1219 autem

195 1268 254 1318 tum
279 1251 343 1331 (2).
839 1250 980 1320 tanquam
1000 1239 1030 1300 i'n
1049 1238 1195 1315 eligente:
1220 1239 1263 1301 sic
1288 1241 1438 1316 haeresis,

232 1339 311 1399 459.
330 1332 391 1395 Nec
407 1325 580 1412 quempiam
602 1322 687 1386 sallat
704 1322 802 1403 plero'
840 1331 928 1404 prout
949 1323 1020 1384 dicit
1035 1338 1167 1384 errorem
1186 1321 1255 1384 fidei
1274 1325 1438 1385 adversan-

196 1438 327 1500 rumque
345 1418 404 1478 hoc
431 1414 463 1474 iu
481 1421 616 1492 tempore
634 1405 799 1484 gubernio·
840 1406 950 1484 tem,in
960 1406 1112 1468 intellectu
1121 1405 1243 1485 residet,
1255 1416 1284 1468 et
1295 1415 1383 1489 prout
1395 1407 1443 1468 di-

196 1525 261 1567 rum
281 1521 351 1564 cum
370 1497 490 1576 ludaeis
507 1491 614 1572 agendi
631 1490 730 1566 rati03
752 1487 797 1549 si·
839 1491 880 1552 cit
893 1490 1082 1566 electionem,
1100 1489 1130 1550 in
1154 1507 1214 1569 qua
1226 1492 1314 1571 culpa
1329 1491 1444 1571 reperi-

198 1589 320 1668 quidem
333 1583 407 1666 ipsis
422 1577 668 1651 adblandientur,
689 1589 801 1652 aequa·
840 1582 899 1651 tur,
913 1573 1024 1634 residet
1034 1573 1236 1634 involuntate.
1246 1573 1327 1636 Nexu
1339 1583 1442 1636 tamen

198 1674 313 1734 litatem
329 1667 442 1729 iuriunr
460 1661 591 1725 civilium
616 1677 685 1719 eum
715 1654 800 1716 chri·
840 1658 870 1719 in
882 1656 1001 1719 haeresi
1010 1657 1178 1718 arctissimo
1194 1659 1383 1739 copulantur,
1398 1659 1442 1720 ita

199 1755 304 1817 stianis
321 1750 492 1825 coulcrunt,
520 1759 677 1826 supremos
709 1738 799 1800 etiam
840 1751 873 1802 ut
891 1749 922 1802 et
940 1741 1109 1802 intellectus
1127 1740 1232 1802 influat
1251 1741 1282 1802 in
1299 1743 1442 1804 volunta-

201 1839 391 1916 magistratus
400 1851 435 1895 ac
442 1829 644 1913 praefecturas
651 1823 797 1886 tribuunt.
842 1833 914 1902 tem,
932 1832 962 1886 et
978 1826 1115 1886 voluntas
1133 1824 1263 1886 vicissim
1283 1825 1314 1885 in
1329 1825 1446 1888 intelle-

201 1922 313 1999 lndaei,
346 1917 394 1980 his
423 1915 491 1977 lreti
509 1911 625 1989 fulcris,
645 1908 722 1970 nihil
741 1925 801 1967 non
842 1917 936 1970 ctum.
957 1908 1109 1970 Interdum
1126 1907 1231 1990 incipit
1249 1908 1382 1971 haeresis
1405 1909 1445 1971 ab

202 2015 291 2083 agunt
304 2005 338 2065 in
355 2000 588 2062 christianorum
619 1990 800 2076 perniciem,
842 1991 1013 2069 intellectu,
1030 1991 1081 2072 qui
1111 2009 1230 2072 pravam
1257 1992 1389 2072 aliquam
1407 2011 1444 2054 ο-

203 2089 300 2169 quoad
319 2092 456 2169 possunt,
472 2081 534 2144 sive
545 2075 801 2160 ephemeridibus,
843 2075 995 2158 pinionem
1015 2093 1172 2136 erroneam
1201 2083 1253 2136 ant
1282 2075 1445 2138 salsitatem

203 2191 330 2253 quarum
349 2169 398 2230 vix
415 2164 621 2246 monopolium
640 2160 724 2223 adse
743 2176 803 2219 non
844 2158 1057 2241 praeconcipit‚
1079 2177 1113 2220 ac
1134 2157 1241 2220 deinde
1265 2177 1319 2239 per
1335 2160 1445 2220 volun·

205 2263 368 2331 traxerunt,
382 2252 443 2314 sive
452 2247 564 2323 usuris,
581 2246 643 2307 sive
658 2259 807 2305 commer·
844 2252 937 2305 tatem
954 2243 1051 2304 eidem
1070 2241 1163 2304 lalsae
1181 2241 1334 2304 doctrinae
1353 2243 1447 2304 finni-

205 2342 241 2401 cii
270 2339 401 2414 retibus,
437 2331 594 2395 fraudibus
623 2325 802 2403 omnigenis.
846 2337 891 2388 ter
908 2345 943 2389 ac
959 2325 1152 2408 pertinaciter
1169 2325 1333 2402 adhaeret3
1353 2326 1448 2388 inter·

206 2423 373 2486 Cavendum
392 2425 551 2500 propterea
580 2413 618 2476 ab
646 2410 721 2493 ipsis
746 2416 803 2486 est,
846 2411 916 2472 dum
936 2427 1006 2472 vero
1030 2417 1127 2472 ortum
1143 2409 1235 2471 habet
1252 2409 1446 2488 avoluntate,

206 2508 256 2587 qni
281 2525 343 2567 uon
362 2501 472 2564 minori
489 2517 569 2570 nunc
602 2496 670 2558 odio
697 2511 805 2575 prose·
848 2511 975 2574 quaese
993 2493 1172 2555 determinat
1191 2494 1228 2555 ad
1247 2511 1378 2555 errorem
1399 2513 1449 2555 ca-

207 2597 342 2671 quuntur
370 2585 554 2648 christianos
579 2596 669 2661 quam
701 2584 806 2638 antea·
849 2579 977 2640 tholicae
1001 2577 1071 2638 fidei
1100 2577 1305 2639 adversantem
1337 2579 1450 2658 ample-

210 2676 261 2736 ctis
293 2670 452 2747 saeculis,
483 2676 513 2730 et
540 2663 686 2727 ecclesiae
726 2661 807 2738 leges
848 2661 1000 2724 ctendum.
1020 2661 1202 2741 Plerumque
1231 2680 1266 2722 ac
1294 2659 1448 2722 ordinaria

211 2767 309 2820 sancte
327 2752 503 2829 servandae,
531 2745 678 2830 quidquid
695 2743 732 2804 de
750 2763 808 2824 po·
847 2745 895 2807 via
912 2753 1042 2825 utraque
1060 2744 1186 2806 facultas
1212 2744 1375 2821 concurrit,
1406 2743 1450 2806 ita

206 2851 348 2916 testatum
379 2837 512 2901 civilium
542 2851 613 2912 erga
636 2830 705 2892 illos
723 2828 808 2908 lavo·
850 2838 949 2891 tamen
967 2837 1000 2889 ut
1016 2829 1154 2889 voluntas
1176 2828 1288 2910 primas
1306 2827 1364 2888 sibi
1384 2845 1448 2908 par-

206 2926 305 3008 ucpit.
468 2917 474 2933 “
606 2923 611 2929 ’
850 2920 895 2975 tes
916 2911 1059 2987 vindicet,
1080 2919 1170 2991 atque
1193 2911 1223 2971 in
1247 2911 1305 2972 hoc
1331 2909 1448 2992 praeei-

745 3035 748 3041 ·
784 3014 795 3081 ζ
851 3015 910 3078 pua
927 2995 1042 3058 malitia
1060 2994 1207 3056 consistit.

893 3080 967 3142 ron.
993 3079 1036 3142 Ad
1061 3079 1245 3141 haereticum
1270 3077 1373 3158 itaque
1399 3077 1438 3138 ho

250 3181 323 3244 lbi).
343 3175 486 3241 Haeresis
503 3192 570 3251 vox,
591 3187 670 3253 qnae
688 3167 811 3252 perinde
852 3163 964 3226 minem
985 3162 1225 3226 constituendum
1241 3161 1300 3225 duo
1320 3179 1451 3223 concur-

216 3267 291 3327 valet
305 3283 340 3327 ac
366 3259 486 3338 electio,
511 3255 727 3339 amplissimam
754 3255 811 3316 lra-
852 3257 931 3326 rant,
948 3265 1072 3310 necesse
1087 3253 1143 3323 est,
1160 3263 1244 3308 error
1261 3245 1400 3308 videlicet
1421 3245 1452 3306 in

219 3344 263 3411 bet
281 3344 544 3426 significationem,
566 3357 601 3402 ac
622 3347 683 3400 tarn
704 3337 734 3398 iu
760 3337 814 3398 bo-
852 3332 1006 3395 intellectu
1036 3339 1066 3394 et
1095 3330 1260 3412 pertinacia
1287 3329 1319 3390 in
1349 3329 1452 3390 volun·

220 3451 284 3494 num
307 3449 400 3511 quam
419 3427 451 3490 in
470 3426 584 3489 malum
613 3439 736 3485 sensum
762 3419 812 3482 in·
853 3424 924 3479 tate.
945 3415 1043 3496 Atque
1062 3414 1167 3477 exinde
1189 3414 1240 3476 illa
1266 3413 1362 3475 oritur
1378 3411 1452 3474 dilli-

221 3515 327 3577 tendum
348 3508 585 3593 usurpaturl3lr
616 3523 653 3569 ex
675 3523 733 3566 usu
765 3512 812 3566 ta·
853 3501 948 3562 cultas
971 3518 1062 3579 quam
1077 3517 1110 3560 se
1133 3497 1281 3578 reperisse
1300 3515 1326 3557 s.
1348 3495 1452 3572 Augu-

222 3617 281 3660 men
299 3597 337 3661 ab
357 3593 486 3660 ecclesia
504 3597 625 3672 recepto
644 3606 764 3670 semper
780 3586 812 3649 in
853 3584 950 3646 stinus
968 3583 1078 3644 latetur
1108 3581 1140 3642 iu
1170 3579 1360 3654 definiendo,
1381 3577 1454 3658 quid

222 3701 334 3760 pravum
353 3697 477 3742 sensum
496 3695 550 3739 seu
569 3673 679 3736 malam
697 3680 812 3754 partem
853 3664 973 3749 proprie
995 3663 1179 3727 haereticum
1209 3661 1372 3724 constituat
1391 3669 1452 3722 tum

220 3765 307 3848 accipi
322 3762 459 3828 haeresis
480 3777 602 3836 nomen,
627 3757 811 3838 exploratum
853 3750 888 3814 er
903 3756 987 3832 parte
1012 3747 1193 3825 intellectus,
1223 3755 1284 3808 tum
1305 3763 1339 3807 er
1368 3745 1452 3826 parte

199 3857 282 3927 0est,
301 3849 341 3912 ad
364 3844 579 3923 designandam
611 3839 725 3903 seilicet
747 3839 812 3901 ele·
852 3831 1025 3896 voluntatis.
1048 3830 1163 3893 Etenim
1188 3831 1270 3892 iuxta
1294 3849 1319 3890 s.
1339 3825 1453 3889 Docto-

221 3932 344 3996 ctioncm
363 3929 518 3994 doetrinae
533 3924 603 3990 fidei
631 3922 810 4001 contrariae,
852 3937 916 3982 rem
935 3933 996 3980 oon
1019 3916 1116 3978 omitia
1140 3931 1228 3976 error
1247 3913 1376 3976 lacereris
1399 3919 1451 3990 cst,

265 3074 289 3092 ·,
357 3058 423 3111 Aac.
443 3053 478 3106 ll.
496 3054 534 3105 Da
551 3052 656 3102 baereat.

220 4084 258 4144 ἥ,
274 4097 334 4149 pag.
360 4083 420 4140 516,
445 4092 519 4144 seq,
545 4081 612 4143 part.
632 4076 676 4124 20.
699 4074 762 4123 item
786 4071 812 4120 in
853 4068 939 4119 fidiam
957 4064 1112 4132 simplicium
1133 4063 1230 4114 animoa
1247 4062 1409 4114 inclinarent.
1426 4059 1454 4110 ln

221 4150 292 4199 Cone.
311 4144 465 4198 lateranensi
482 4147 508 4204 d,
526 4151 589 4194 tom.
601 4143 645 4201 ῃ,
664 4155 723 4206 pag.
736 4141 812 4190 t058.
852 4138 951 4190 Aunot.
975 4135 1123 4195 cultolr'quea
1150 4135 1177 4181 de
1202 4129 1314 4192 Getides,
1338 4127 1455 4195 cxevnpla

222 4214 277 4265 ltcru
289 4214 441 4266 constitutio
454 4227 476 4262 s.
491 4209 735 4274 l'iiV,aliorumque
748 4204 814 4256 Pon·
852 4209 995 4271 suppetunt
1006 4198 1129 4250 eiusmodi
1149 4198 1350 4264 perversionem.

221 4281 321 4332 tibrum.
887 4271 925 4337 (Ξ)
948 4267 988 4318 Cf.
1014 4267 1123 4334 liupert,
1142 4259 1251 4330 l'b'qtt'sc
1268 4267 1327 4314 atla
1342 4262 1454 4326 &mauo-

251 4349 286 4414 (Ι)
304 4346 430 4414 Etrcipsa
448 4337 743 4400 intenebrescant,
763 4338 811 4388 loc.
853 4353 907 4401 que,
927 4335 1006 4400 l‘aria,
1035 4337 1121 4393 1859,
1148 4333 1174 4382 in
1193 4347 1244 4399 quo
1268 4347 1344 4400 opere
1371 4327 1454 4378 docu-

223 4414 261 4463 rit.
279 4415 387 4466 dicitur:
409 4411 466 4463 «Et
488 4412 535 4478 ipsi
563 4409 594 4459 de
617 4405 687 4460 laeili
707 4405 740 4456 ob
761 4406 814 4455 ire-
854 4404 947 4455 mentia
963 4401 1091 4452 historicis
1108 4397 1317 4450 ineluctabilibus
1342 4393 1454 4447 ostendi-

224 4491 335 4545 qucntem
362 4480 600 4538 conversationem,
635 4484 660 4526 et
687 4473 813 4524 assiduam
853 4479 915 4534 tur,
944 4469 1035 4537 quavis
1059 4475 1140 4518 aetate
1167 4463 1273 4516 ludaeos
1297 4465 1453 4516 machinatos

225 4549 425 4609 familiaritatem,
438 4547 573 4613 instigante
591 4542 815 4608 btrunui'generis
841 4554 907 4599 ,esse
922 4536 1044 4588 adversus
1055 4533 1215 4585 christianos.
1361 4595 1363 4598 Ι

226 4615 330 4680 iuiudco,
348 4615 379 4667 ad
398 4629 469 4666 auam
487 4611 695 4680 superstitionem
713 4617 738 4660 et
756 4622 814 4676 per·
837 4625 840 4631 ·
887 4605 925 4675 (e)
944 4605 984 4656 Cl.
1004 4607 1108 4666 Saurea,
1122 4600 1189 4670 disp.
1210 4603 1251 4664 tt),
1265 4601 1351 4650 secel
1369 4597 1435 4647 etl.
1459 4625 1463 4634 ι
