3700 5659
343 484 348 489 -
390 527 432 595 ΤΟ
909 497 1035 586 belrius

346 643 387 707 ad
412 641 545 723 episcop.
576 631 739 701 Galliani'm
766 637 832 716 cap.
849 633 869 696 9
888 633 950 712 (i).
994 651 1065 694 num
1088 651 1122 696 ac
1143 633 1296 698 evidenter
1320 635 1453 717 bonum,
1475 639 1527 702 sed
1546 661 1595 703 50.

348 726 436 800 Quod
452 743 523 787 vero
543 731 658 803 spectat
676 720 828 783 adactum
852 717 952 799 ipsum
993 717 1055 779 lum
1079 727 1111 779 ut
1127 720 1184 780 tale
1204 721 1435 800 apprehensum.
1463 723 1496 786 30
1519 723 1594 787 Sana

346 808 531 885 voluntatis,
547 803 724 887 imperantis
750 820 951 878 consensum,
993 800 1155 864 daemones
1173 803 1262 864 etiam
1282 803 1347 866 sine
1368 806 1418 886 pia
1437 808 1596 871 allectione

350 896 388 958 de
401 893 459 955 lide
477 891 589 973 pariter
604 897 649 951 est
668 887 810 950 adsersus
829 885 952 948 eosdem
993 885 1130 964 credunt,
1151 887 1194 948 uti
1211 895 1336 949 testatur
1354 908 1379 950 s.
1403 889 1543 967 lacobus3
1562 895 1598 953 lr-

348 975 603 1059 semipelagianos
610 991 645 1034 ac
653 971 840 1049 Pelagianos,
852 969 952 1050 ipsum
993 968 1045 1031 des
1064 970 1154 1048 igitur
1172 970 1277 1032 baberi
1293 981 1389 1053 potest
1409 975 1476 1036 sine
1491 977 1597 1038 volun·

349 1082 417 1126 esse
432 1081 468 1123 es
484 1060 590 1136 gratia.
618 1055 684 1128 Quo
705 1055 876 1117 referuntur
900 1053 953 1116 illa
994 1053 1212 1135 tatisimperio;
1233 1055 1265 1116 l⁰
1284 1074 1319 1117 eo
1341 1058 1384 1118 vel
1398 1057 1493 1136 magis
1513 1063 1593 1140 quon

349 1147 463 1218 omnia,
484 1141 613 1224 quaein
640 1146 769 1203 tractatu
798 1137 834 1199 de
856 1136 953 1214 gratia
993 1136 1118 1200 formale
1137 1137 1206 1200 iidei
1230 1138 1381 1202 obiectum
1413 1143 1600 1205 sufficienter

349 1231 507 1295 attulimus
528 1227 568 1288 ad
585 1227 641 1286 hoo
659 1223 729 1285 fidei
751 1221 860 1300 dogma
877 1238 950 1301 pro·
993 1239 1046 1301 per
1065 1221 1173 1284 motiva
1198 1221 1405 1286 credibilitatis
1429 1225 1596 1289 intellectui

349 1313 555 1398 pugnandum.
581 1307 638 1370 llio
669 1308 768 1369 solum
798 1311 950 1382 notamus,
992 1313 1187 1386 proponatur,
1209 1316 1241 1368 ut
1255 1325 1308 1389 per
1323 1327 1354 1370 se
1374 1310 1514 1372 assentiri
1531 1331 1598 1392 pos·

350 1402 432 1462 bunc
448 1407 547 1460 actum
563 1390 823 1474 supernaturalem
835 1405 901 1450 esso
917 1407 953 1450 ex
992 1388 1032 1449 sit
1049 1389 1224 1452 veritatibus
1240 1391 1412 1473 propositis,
1431 1404 1461 1455 et
1479 1412 1537 1475 per
1549 1396 1598 1456 in.

349 1483 516 1544 intrinseoa
533 1485 641 1540 natura
662 1483 692 1538 et
715 1473 815 1556 specie
833 1472 901 1534 talis
916 1491 952 1534 a·
993 1479 1107 1535 ternam
1126 1473 1239 1552 gratiae
1268 1473 1503 1540 illustrationem
1525 1497 1600 1560 per-

351 1578 419 1628 otus
434 1584 487 1626 seu
507 1559 607 1643 quoad
624 1558 835 1624 substantiam.
850 1564 880 1618 ot
892 1575 952 1618 non
992 1556 1164 1634 suadeatur;
1187 1559 1219 1618 5⁰
1238 1575 1306 1620 nam
1322 1559 1470 1622 evidentia
1492 1564 1603 1638 credi-5¹

351 1652 450 1712 solum
469 1665 522 1730 per
539 1643 678 1708 accidens
696 1649 748 1705 aut
760 1641 878 1704 ratione
889 1659 953 1702 mo·
993 1639 1117 1703 bilitatis
1135 1640 1320 1706 intellectum
1347 1643 1388 1705 ita
1413 1643 1601 1710 determinat

322 1807 326 1814 .
351 1735 395 1810 di,
414 1753 449 1796 ao
469 1729 593 1814 proinde
612 1745 731 1808 semper
749 1727 829 1788 buno
851 1732 951 1786 actum
992 1723 1029 1785 ad
1049 1725 1284 1803 assentiendum,
1303 1733 1335 1788 ut
1350 1746 1409 1788 non
1422 1729 1520 1809 possit
1535 1731 1597 1791 sel-

351 1816 555 1879 ueoessarium
584 1831 651 1874 esse
673 1810 710 1874 ad
728 1807 951 1872 subiicieudum
992 1815 1051 1869 tem
1071 1809 1233 1890 prudenter
1258 1808 1437 1888 dissentire;
1463 1815 1495 1875 6ο
1516 1815 1596 1896 quud

351 1902 537 1963 intellectum
559 1896 629 1958 [idei
644 1894 837 1957 christianae.
993 1891 1113 1972 quidem
1133 1892 1270 1974 quotidie
1288 1895 1459 1976 experimur
1488 1897 1523 1960 in
1550 1898 1595 1959 sa-

394 1985 468 2047 lta.
483 1982 513 2045 Si
526 1998 595 2044 vero
612 1998 711 2043 sermo
729 1978 768 2040 sit
785 1978 822 2039 de
839 1976 952 2039 iudicio
993 1975 1048 2038 ctis
1065 1977 1215 2054 humanis,
1240 1995 1318 2058 quae
1335 1978 1450 2060 absque
1470 1979 1534 2043 ulla
1548 1982 1598 2062 pia

352 2070 483 2142 practico
498 2067 679 2142 intellectus,
693 2061 817 2144 quoden
831 2079 864 2124 se
879 2061 954 2123 dixi·
994 2059 1151 2122 allectione
1160 2068 1212 2123 aut
1222 2063 1383 2124 voluntatis
1394 2064 1523 2144 irnperio
1534 2084 1597 2126 cre·

352 2174 420 2216 mus
431 2153 566 2214 naturale
580 2169 659 2223 esse,
672 2147 725 2210 sed
738 2147 794 2208 hoc
805 2155 839 2208 ut
851 2145 955 2208 evadat
994 2143 1093 2206 dimus
1113 2145 1158 2206 vix
1174 2146 1262 2207 nobis
1281 2147 1465 2209 sufficienter
1481 2167 1596 2231 propo-

352 2234 596 2318 supernaturale,
610 2249 732 2294 necesse
746 2238 803 2306 est,
819 2238 854 2292 ut
870 2248 955 2291 acce·
995 2229 1062 2290 sita.
1077 2227 1166 2308 Ergo.
1303 2263 1314 2292 0

353 2321 404 2382 dat
415 2317 651 2401 supernaturalis
665 2313 858 2391 illuminatio,
876 2332 954 2394 quae
1031 2311 1106 2374 att.
1127 2311 1216 2394 Resp.
1246 2313 1284 2376 ad
1303 2315 1332 2375 l.
1364 2315 1401 2378 D.
1421 2313 1597 2379 Intellectus

249 2414 253 2424 ’
353 2405 449 2466 elevet
464 2401 648 2463 intellectum
668 2399 704 2461 ad
724 2397 954 2477 concipiendum
995 2405 1099 2477 suapte
1122 2405 1229 2460 natura
1247 2399 1342 2460 fertur
1357 2397 1388 2458 in
1406 2418 1510 2462 verum
1536 2403 1598 2464 sive

352 2487 429 2548 illud
448 2486 599 2548 obiectum
624 2482 724 2545 altiori
750 2499 784 2543 ac
812 2499 955 2562 superna·
995 2479 1167 2543 immediate
1180 2481 1241 2544 sive
1256 2481 1384 2544 mediato
1397 2483 1531 2562 evidens,
1545 2488 1595 2562 C.;

353 2571 444 2633 turali
461 2569 562 2646 modo,
581 2576 612 2628 ut
623 2568 759 2628 voluntas
776 2565 814 2626 ad
825 2563 900 2626 illud
911 2575 955 2628 et·
995 2563 1027 2624 iu
1044 2583 1146 2630 verum
1166 2565 1310 2628 credibile
1325 2565 1457 2648 quidem,
1475 2570 1530 2630 scd
1545 2571 1598 2631 ob·

353 2655 415 2717 iam
439 2651 708 2736 supernaturaliter
723 2647 901 2710 credendum
914 2649 955 2710 ai·
996 2667 1131 2724 scurum,
1152 2651 1191 2714 N.
1209 2647 1280 2712 Tale
1310 2662 1409 2712 autem
1429 2660 1475 2713 cst
1507 2671 1597 2715 omne
1677 2693 1678 2698 κ

354 2739 485 2818 finiatur,
515 2746 546 2798 et
574 2735 616 2797 ita
649 2733 744 2818 possit
770 2733 953 2794 intellectum
995 2731 1064 2793 lidei
1083 2733 1250 2806 obiectum,
1273 2743 1363 2816 prout
1388 2733 1445 2816 ipsi
1479 2737 1595 2810 subest,

354 2842 487 2899 movere,
500 2821 579 2883 sicut
594 2828 710 2901 oportet
721 2817 780 2895 (ἓ).
793 2815 876 2889 Quae
890 2817 956 2898 qui·
995 2815 1177 2894 iurtadicta,
1199 2836 1252 2879 seu
1271 2817 1326 2880 sub
1346 2818 1462 2880 ratione
1478 2822 1598 2883 turmali

355 2908 424 2969 dem
440 2907 613 2986 complexus
631 2912 676 2966 est
687 2923 712 2965 s.
727 2902 868 2979 Thomas,
881 2901 956 2962 sori·
996 2901 1076 2972 fidei,
1098 2921 1176 2982 quae
1192 2902 1405 2964 obscuritatem
1430 2903 1553 2967 involvit
1567 2907 1599 2966 iu

318 3010 321 3017 ’
355 2990 444 3067 bens,
463 3010 532 3053 eum
556 2990 607 3068 qui
624 2990 731 3062 credit,
750 2988 855 3049 babere
868 2985 955 3066 sotii·
996 3005 1051 3047 sua
1070 2985 1203 3047 notione.

354 3077 435 3137 ciam
452 3075 642 3136 inductivum
656 3074 695 3133 od
713 3071 901 3146 credendam,
919 3087 957 3132 en
1039 3069 1112 3130 275.
1125 3069 1169 3132 Ad
1189 3071 1219 3130 l.
1237 3067 1308 3148 Neg.
1333 3069 1503 3150 paritatem:
1521 3075 1598 3135 ratio

356 3159 531 3220 testimoniis
543 3165 570 3218 et
582 3155 877 3232 anirucnlis,etqnod
887 3153 957 3232 plns
997 3161 1053 3230 est,
1075 3152 1146 3236 quia
1165 3153 1334 3216 intellectus
1352 3153 1430 3216 liber
1449 3175 1509 3218 uon
1540 3167 1598 3230 est,
1678 3155 1679 3160 ’

356 3251 410 3319 ost,
426 3241 618 3303 aninetinctn
630 3239 684 3300 Dei
697 3238 825 3300 interius
839 3254 958 3298 moven-
997 3236 1050 3298 sed
1067 3237 1259 3300 determinari
1279 3237 1367 3299 debet
1386 3237 1429 3299 vel
1449 3241 1488 3303 ab
1511 3239 1597 3301 obie-

356 3327 395 3389 tis
409 3326 470 3407 (3).
998 3320 1337 3417 cttsuelavotumate,
1358 3322 1410 3383 sed
1446 3325 1484 3385 ab
1511 3325 1597 3386 obic-

998 3404 1387 3551 anatmnctn
1402 3425 1516 3552 lam
1535 3427 1599 3553 a:

396 3575 471 3637 ata.
495 3573 519 3636 Ι.
547 3571 615 3636 Obi.
650 3571 797 3633 Adversus
830 3569 957 3652 primam
998 3591 1081 3654 psam
1101 3573 1290 3634 determinat.
1327 3573 1453 3635 lltsane
1473 3576 1533 3636 alia
1555 3584 1598 3636 est

356 3670 484 3742 partem:
506 3661 536 3720 1ο
565 3658 737 3741 intellectus
764 3662 872 3717 natura
903 3673 959 3716 sua
998 3657 1073 3718 ratio
1097 3657 1266 3718 intellectus
1284 3666 1421 3737 respectu
1431 3659 1518 3737 neri,
1540 3659 1600 3721 alia

356 3746 451 3806 fertur
467 3744 498 3804 in
521 3762 635 3818 verumg
658 3759 740 3817 ergo,
756 3739 813 3801 hoc
831 3738 888 3819 ipsi
908 3738 958 3798 in·
999 3759 1068 3802 vero
1091 3741 1252 3802 voluntatis
1270 3750 1408 3822 respectu
1428 3743 1512 3820 boni;
1531 3762 1598 3804 nam

358 3829 491 3889 tellectui
508 3826 674 3908 proposito,
690 3826 773 3884 nullo
786 3823 899 3900 indiget
909 3841 960 3882 vo·
999 3824 1179 3886 inevidentia
1204 3823 1266 3885 sive
1296 3825 1465 3888 obscuritas
1490 3826 1599 3888 obiecti

356 3911 483 3974 luntatis
501 3910 640 3990 imperio,
660 3916 692 3969 ut
709 3908 891 3969 assentiatur
905 3925 959 3967 ve·
1000 3908 1131 3969 retardat
1148 3907 1332 3970 intellectum
1353 3917 1382 3971 et
1400 3910 1599 3990 quodammo-

356 4014 392 4055 ro
423 3994 578 4067 revelat03
603 3993 636 4051 2⁰
660 4000 815 4070 praeterea
842 3989 961 4051 etiamsi
1001 3991 1039 4052 do
1058 4001 1175 4053 amovet
1187 3991 1224 4054 ab
1244 3993 1446 4071 assentiendo,
1459 4012 1600 4074 praeser-

355 4095 481 4153 verum,
506 4075 587 4154 quod
604 4074 799 4156 proponitur,
823 4091 884 4133 uon
916 4081 962 4134 est
1003 4075 1053 4136 tim
1075 4075 1101 4138 si
1120 4083 1225 4152 agatur
1243 4075 1278 4136 de
1294 4094 1326 4138 re
1343 4077 1373 4138 iu
1399 4095 1431 4138 se
1452 4077 1546 4139 ardua
1567 4096 1600 4138 ac

358 4160 480 4222 evidens
497 4157 645 4219 evidentia
665 4157 847 4232 intrinseca,
864 4163 963 4236 potest
1002 4157 1126 4236 difficili,
1147 4178 1224 4238 quae
1243 4157 1308 4220 eius
1330 4170 1448 4240 captum
1467 4159 1600 4234 excedat,

359 4253 461 4305 tamen
480 4242 510 4302 in
529 4242 625 4322 ipsum
646 4250 751 4320 suapte
770 4248 876 4300 natura
891 4239 961 4299 ferri
1002 4251 1105 4304 contra
1125 4259 1193 4304 vcro
1217 4243 1354 4304 voluntas
1374 4245 1468 4305 fertur
1492 4245 1521 4305 in
1544 4243 1599 4304 ob-

358 4329 396 4389 ad
413 4346 481 4388 euru
501 4325 623 4386 modum
642 4344 701 4404 quo
719 4325 856 4384 voluutas
876 4341 963 4403 spon·
1003 4319 1125 4400 iectum',
1145 4326 1226 4408 quod
1245 4325 1272 4387 ei
1291 4345 1357 4388 sese
1376 4328 1463 4388 otlcrt
1482 4327 1526 4388 uti
1544 4327 1601 4388 bo·

358 4409 674 4474 teierturinbonum
695 4406 959 4484 sibiconveniens,
1003 4428 1075 4470 num
1109 4409 1165 4470 sub
1194 4409 1296 4490 aliqua
1332 4411 1449 4472 ratio'ne
1478 4411 1598 4483 saltem,

357 4496 477 4558 etiarnsi
508 4512 568 4554 non
592 4501 638 4554 est
657 4510 877 4571 usquequaque
903 4489 961 4551 bo·
1003 4492 1237 4574 praescindendo
1260 4493 1298 4554 ab
1317 4493 1385 4556 aliis
1403 4489 1602 4576 respectibus,

392 4610 429 4674 (l)
440 4606 517 4674 Apud
530 4608 653 4658 Constant
672 4607 721 4656 ool.
738 4609 813 4656 tter.

391 4675 602 4742 (alfiismroa,
625 4683 688 4726 scot.
713 4678 739 4738 6,
762 4690 789 4725 u.
817 4676 858 4725 lb.
1038 4676 1075 4744 (5)
1101 4675 1256 4742 tl,a,q.a,
1274 4673 1436 4729 artando.
