<?xml version="1.0" encoding="UTF-8"?>
<!DOCTYPE html PUBLIC "-//W3C//DTD XHTML 1.0 Transitional//EN"
    "http://www.w3.org/TR/xhtml1/DTD/xhtml1-transitional.dtd">
<html xmlns="http://www.w3.org/1999/xhtml" xml:lang="en" lang="en">
 <head>
  <title>
</title>
<meta http-equiv="Content-Type" content="text/html;charset=utf-8" />
  <meta name='ocr-system' content='tesseract 3.04.00' />
  <meta name='ocr-capabilities' content='ocr_page ocr_carea ocr_par ocr_line ocrx_word'/>
</head>
<body>
  <div class='ocr_page' id='page_1' title='image "./praelectionesth09perrgoog/praelectionesth09perrgoog_0060.png"; bbox 0 0 3700 5659; ppageno 0'>
   <div class='ocr_carea' id='block_1_1' title="bbox 319 549 1614 738">
    <p class='ocr_par' dir='ltr' id='par_1_1' title="bbox 319 549 1614 738">
     <span class='ocr_line' id='line_1_1' title="bbox 408 549 1057 612; baseline -0.012 0"><span class='ocrx_word' id='word_1_1' title='bbox 408 549 449 612; x_wconf 84' lang='lat' dir='ltr'><strong>l8</strong></span> <span class='ocrx_word' id='word_1_2' title='bbox 933 559 974 604; x_wconf 85' lang='lat' dir='ltr'><strong>nn</strong></span> <span class='ocrx_word' id='word_1_3' title='bbox 990 559 1057 605; x_wconf 83' lang='lat' dir='ltr'><strong>rma</strong></span> 
     </span>
     <span class='ocr_line' id='line_1_2' title="bbox 319 633 1614 738; baseline -0.002 -17"><span class='ocrx_word' id='word_1_4' title='bbox 319 633 327 650; x_wconf 57' lang='lat'><strong>⁴</strong></span> <span class='ocrx_word' id='word_1_5' title='bbox 368 656 523 722; x_wconf 85' lang='lat' dir='ltr'><strong>indefinite</strong></span> <span class='ocrx_word' id='word_1_6' title='bbox 560 653 758 738; x_wconf 81' lang='lat' dir='ltr'><strong>pronuntiat:</strong></span> <span class='ocrx_word' id='word_1_7' title='bbox 793 653 972 735; x_wconf 80' lang='lat' dir='ltr'><strong>spiritualia</strong></span> <span class='ocrx_word' id='word_1_8' title='bbox 1053 653 1125 714; x_wconf 81' lang='lat' dir='ltr'><strong>tlt.</strong></span> <span class='ocrx_word' id='word_1_9' title='bbox 1142 651 1308 716; x_wconf 78' lang='lat' dir='ltr'><strong>Altervero</strong></span> <span class='ocrx_word' id='word_1_10' title='bbox 1325 656 1614 738; x_wconf 82' lang='lat' dir='ltr'><strong>textus,senpotius</strong></span> 
     </span>
    </p>
   </div>
   <div class='ocr_carea' id='block_1_2' title="bbox 308 737 1681 3750">
    <p class='ocr_par' dir='ltr' id='par_1_2' title="bbox 308 737 1681 3750">
     <span class='ocr_line' id='line_1_3' title="bbox 370 737 1614 818; baseline -0.004 -11"><span class='ocrx_word' id='word_1_11' title='bbox 370 746 456 807; x_wconf 84' lang='lat' dir='ltr'><strong>tomo</strong></span> <span class='ocrx_word' id='word_1_12' title='bbox 464 742 577 804; x_wconf 82' lang='lat' dir='ltr'><strong>iudicat</strong></span> <span class='ocrx_word' id='word_1_13' title='bbox 587 741 699 815; x_wconf 85' lang='lat' dir='ltr'><strong>omnio,</strong></span> <span class='ocrx_word' id='word_1_14' title='bbox 713 748 741 802; x_wconf 91' lang='lat' dir='ltr'><strong>ct</strong></span> <span class='ocrx_word' id='word_1_15' title='bbox 754 740 814 818; x_wconf 85' lang='lat' dir='ltr'><strong>ipse</strong></span> <span class='ocrx_word' id='word_1_16' title='bbox 826 757 844 802; x_wconf 89' lang='lat' dir='ltr'><strong>o</strong></span> <span class='ocrx_word' id='word_1_17' title='bbox 856 738 974 802; x_wconf 80' lang='lat' dir='ltr'><strong>tremine</strong></span> <span class='ocrx_word' id='word_1_18' title='bbox 1011 737 1196 799; x_wconf 73' lang='lat' dir='ltr'><strong>continuatio</strong></span> <span class='ocrx_word' id='word_1_19' title='bbox 1213 737 1347 800; x_wconf 90' lang='lat' dir='ltr'><strong>eiusdem</strong></span> <span class='ocrx_word' id='word_1_20' title='bbox 1364 737 1534 802; x_wconf 85' lang='lat' dir='ltr'><strong>Hieremiae</strong></span> <span class='ocrx_word' id='word_1_21' title='bbox 1555 751 1614 803; x_wconf 84' lang='lat' dir='ltr'><strong>tex-</strong></span> 
     </span>
     <span class='ocr_line' id='line_1_4' title="bbox 370 820 1614 905; baseline -0.002 -15"><span class='ocrx_word' id='word_1_22' title='bbox 370 825 602 905; x_wconf 85' lang='lat' dir='ltr'><strong>iudicotur(l).</strong></span> <span class='ocrx_word' id='word_1_23' title='bbox 623 824 712 900; x_wconf 80' lang='lat' dir='ltr'><strong>Ergo.</strong></span> <span class='ocrx_word' id='word_1_24' title='bbox 1012 828 1072 898; x_wconf 90' lang='lat' dir='ltr'><strong>tus,</strong></span> <span class='ocrx_word' id='word_1_25' title='bbox 1108 820 1144 882; x_wconf 91' lang='lat' dir='ltr'><strong>de</strong></span> <span class='ocrx_word' id='word_1_26' title='bbox 1176 821 1338 883; x_wconf 86' lang='lat' dir='ltr'><strong>universali</strong></span> <span class='ocrx_word' id='word_1_27' title='bbox 1356 821 1409 884; x_wconf 85' lang='lat' dir='ltr'><strong>[lei</strong></span> <span class='ocrx_word' id='word_1_28' title='bbox 1442 825 1614 902; x_wconf 72' lang='lat' dir='ltr'><strong>cognitione</strong></span> 
     </span>
     <span class='ocr_line' id='line_1_5' title="bbox 414 903 1614 989; baseline -0.001 -18"><span class='ocrx_word' id='word_1_29' title='bbox 414 906 770 987; x_wconf 66' lang='lat' dir='ltr'><strong>innumerisque</strong></span> <span class='ocrx_word' id='word_1_30' title='bbox 797 905 877 968; x_wconf 89' lang='lat' dir='ltr'><strong>enirn</strong></span> <span class='ocrx_word' id='word_1_31' title='bbox 907 904 974 966; x_wconf 89' lang='lat' dir='ltr'><strong>fieri</strong></span> <span class='ocrx_word' id='word_1_32' title='bbox 1012 903 1139 984; x_wconf 79' lang='lat' dir='ltr'><strong>intelligi</strong></span> <span class='ocrx_word' id='word_1_33' title='bbox 1158 903 1269 979; x_wconf 90' lang='lat' dir='ltr'><strong>debet,</strong></span> <span class='ocrx_word' id='word_1_34' title='bbox 1290 925 1351 966; x_wconf 95' lang='lat' dir='ltr'><strong>non</strong></span> <span class='ocrx_word' id='word_1_35' title='bbox 1388 915 1505 969; x_wconf 82' lang='lat' dir='ltr'><strong>tentum</strong></span> <span class='ocrx_word' id='word_1_36' title='bbox 1537 909 1614 989; x_wconf 90' lang='lat' dir='ltr'><strong>apud</strong></span> 
     </span>
     <span class='ocr_line' id='line_1_6' title="bbox 371 987 1614 1077; baseline -0.003 -21"><span class='ocrx_word' id='word_1_37' title='bbox 371 1001 481 1077; x_wconf 84' lang='lat' dir='ltr'><strong>potest,</strong></span> <span class='ocrx_word' id='word_1_38' title='bbox 512 999 546 1054; x_wconf 91' lang='lat' dir='ltr'><strong>ut</strong></span> <span class='ocrx_word' id='word_1_39' title='bbox 575 989 729 1072; x_wconf 79' lang='lat' dir='ltr'><strong>Scriptura</strong></span> <span class='ocrx_word' id='word_1_40' title='bbox 748 989 807 1053; x_wconf 85' lang='lat' dir='ltr'><strong>sibi</strong></span> <span class='ocrx_word' id='word_1_41' title='bbox 836 989 893 1070; x_wconf 93' lang='lat' dir='ltr'><strong>ipsi</strong></span> <span class='ocrx_word' id='word_1_42' title='bbox 918 989 974 1051; x_wconf 88' lang='lat' dir='ltr'><strong>ad·</strong></span> <span class='ocrx_word' id='word_1_43' title='bbox 1011 987 1150 1066; x_wconf 87' lang='lat' dir='ltr'><strong>ludaeos,</strong></span> <span class='ocrx_word' id='word_1_44' title='bbox 1169 1007 1271 1050; x_wconf 82' lang='lat' dir='ltr'><strong>uerum</strong></span> <span class='ocrx_word' id='word_1_45' title='bbox 1298 987 1388 1052; x_wconf 90' lang='lat' dir='ltr'><strong>etiam</strong></span> <span class='ocrx_word' id='word_1_46' title='bbox 1421 1009 1514 1071; x_wconf 91' lang='lat' dir='ltr'><strong>penes</strong></span> <span class='ocrx_word' id='word_1_47' title='bbox 1545 993 1614 1054; x_wconf 91' lang='lat' dir='ltr'><strong>uni-</strong></span> 
     </span>
     <span class='ocr_line' id='line_1_7' title="bbox 372 1072 1681 1154; baseline -0.002 -15"><span class='ocrx_word' id='word_1_48' title='bbox 372 1085 508 1140; x_wconf 88' lang='lat' dir='ltr'><strong>versetur</strong></span> <span class='ocrx_word' id='word_1_49' title='bbox 534 1083 563 1138; x_wconf 87' lang='lat' dir='ltr'><strong>et</strong></span> <span class='ocrx_word' id='word_1_50' title='bbox 590 1073 741 1138; x_wconf 89' lang='lat' dir='ltr'><strong>contraria</strong></span> <span class='ocrx_word' id='word_1_51' title='bbox 770 1072 887 1136; x_wconf 84' lang='lat' dir='ltr'><strong>doceat.</strong></span> <span class='ocrx_word' id='word_1_52' title='bbox 912 1072 974 1136; x_wconf 91' lang='lat' dir='ltr'><strong>lta·</strong></span> <span class='ocrx_word' id='word_1_53' title='bbox 1012 1090 1113 1134; x_wconf 84' lang='lat' dir='ltr'><strong>versas</strong></span> <span class='ocrx_word' id='word_1_54' title='bbox 1149 1072 1286 1134; x_wconf 87' lang='lat' dir='ltr'><strong>nationes</strong></span> <span class='ocrx_word' id='word_1_55' title='bbox 1321 1092 1376 1154; x_wconf 90' lang='lat' dir='ltr'><strong>per</strong></span> <span class='ocrx_word' id='word_1_56' title='bbox 1412 1075 1614 1154; x_wconf 81' lang='lat' dir='ltr'><strong>evangelicam</strong></span> <span class='ocrx_word' id='word_1_57' title='bbox 1680 1104 1681 1117; x_wconf 47' lang='lat' dir='ltr'><strong>r</strong></span> 
     </span>
     <span class='ocr_line' id='line_1_8' title="bbox 372 1153 1616 1243; baseline 0 -22"><span class='ocrx_word' id='word_1_58' title='bbox 372 1180 451 1243; x_wconf 91' lang='lat' dir='ltr'><strong>que:</strong></span> <span class='ocrx_word' id='word_1_59' title='bbox 1014 1153 1482 1236; x_wconf 87' lang='lat' dir='ltr'><strong>praedicationeminstruendas,</strong></span> <span class='ocrx_word' id='word_1_60' title='bbox 1496 1167 1616 1240; x_wconf 86' lang='lat' dir='ltr'><strong>utputet</strong></span> 
     </span>
     <span class='ocr_line' id='line_1_9' title="bbox 418 1238 1614 1323; baseline 0 -19"><span class='ocrx_word' id='word_1_61' title='bbox 418 1245 489 1306; x_wconf 80' lang='lat' dir='ltr'><strong>tto.</strong></span> <span class='ocrx_word' id='word_1_62' title='bbox 510 1243 556 1306; x_wconf 80' lang='lat' dir='ltr'><strong>to</strong></span> <span class='ocrx_word' id='word_1_63' title='bbox 575 1243 606 1303; x_wconf 88' lang='lat' dir='ltr'><strong>l.</strong></span> <span class='ocrx_word' id='word_1_64' title='bbox 628 1241 714 1323; x_wconf 90' lang='lat' dir='ltr'><strong>prob.</strong></span> <span class='ocrx_word' id='word_1_65' title='bbox 738 1241 775 1303; x_wconf 86' lang='lat' dir='ltr'><strong>D.</strong></span> <span class='ocrx_word' id='word_1_66' title='bbox 795 1239 840 1304; x_wconf 82' lang='lat' dir='ltr'><strong>Ad</strong></span> <span class='ocrx_word' id='word_1_67' title='bbox 858 1239 975 1318; x_wconf 85' lang='lat' dir='ltr'><strong>signifi·</strong></span> <span class='ocrx_word' id='word_1_68' title='bbox 1015 1256 1052 1300; x_wconf 84' lang='lat' dir='ltr'><strong>ex</strong></span> <span class='ocrx_word' id='word_1_69' title='bbox 1065 1238 1165 1301; x_wconf 80' lang='lat' dir='ltr'><strong>uerbis</strong></span> <span class='ocrx_word' id='word_1_70' title='bbox 1189 1239 1363 1301; x_wconf 88' lang='lat' dir='ltr'><strong>immediate</strong></span> <span class='ocrx_word' id='word_1_71' title='bbox 1394 1242 1614 1321; x_wconf 91' lang='lat' dir='ltr'><strong>sequentibus:</strong></span> 
     </span>
     <span class='ocr_line' id='line_1_10' title="bbox 372 1323 1619 1404; baseline -0.004 -13"><span class='ocrx_word' id='word_1_72' title='bbox 372 1328 501 1391; x_wconf 90' lang='lat' dir='ltr'><strong>candum</strong></span> <span class='ocrx_word' id='word_1_73' title='bbox 516 1323 718 1388; x_wconf 83' lang='lat' dir='ltr'><strong>abundantius</strong></span> <span class='ocrx_word' id='word_1_74' title='bbox 733 1323 850 1388; x_wconf 86' lang='lat' dir='ltr'><strong>divinoe</strong></span> <span class='ocrx_word' id='word_1_75' title='bbox 862 1324 975 1402; x_wconf 83' lang='lat' dir='ltr'><strong>gratiae</strong></span> <span class='ocrx_word' id='word_1_76' title='bbox 1018 1323 1124 1386; x_wconf 82' lang='lat' dir='ltr'><strong>Omnes</strong></span> <span class='ocrx_word' id='word_1_77' title='bbox 1142 1323 1222 1386; x_wconf 83' lang='lat' dir='ltr'><strong>euim</strong></span> <span class='ocrx_word' id='word_1_78' title='bbox 1237 1333 1411 1404; x_wconf 71' lang='lat' dir='ltr'><strong>coquosccut</strong></span> <span class='ocrx_word' id='word_1_79' title='bbox 1428 1343 1508 1388; x_wconf 88' lang='lat' dir='ltr'><strong>mco</strong></span> <span class='ocrx_word' id='word_1_80' title='bbox 1526 1328 1619 1388; x_wconf 86' lang='lat' dir='ltr'><strong>mini·</strong></span> 
     </span>
     <span class='ocr_line' id='line_1_11' title="bbox 373 1408 1618 1488; baseline -0.002 -14"><span class='ocrx_word' id='word_1_81' title='bbox 373 1411 542 1475; x_wconf 90' lang='lat' dir='ltr'><strong>subsidium</strong></span> <span class='ocrx_word' id='word_1_82' title='bbox 562 1410 594 1472; x_wconf 92' lang='lat' dir='ltr'><strong>in</strong></span> <span class='ocrx_word' id='word_1_83' title='bbox 618 1427 694 1470; x_wconf 81' lang='lat' dir='ltr'><strong>nora</strong></span> <span class='ocrx_word' id='word_1_84' title='bbox 710 1409 775 1484; x_wconf 83' lang='lat' dir='ltr'><strong>lege</strong></span> <span class='ocrx_word' id='word_1_85' title='bbox 804 1408 976 1488; x_wconf 79' lang='lat' dir='ltr'><strong>perfectiori</strong></span> <span class='ocrx_word' id='word_1_86' title='bbox 1016 1425 1063 1467; x_wconf 88' lang='lat' dir='ltr'><strong>mo</strong></span> <span class='ocrx_word' id='word_1_87' title='bbox 1081 1424 1186 1470; x_wconf 86' lang='lat' dir='ltr'><strong>corum</strong></span> <span class='ocrx_word' id='word_1_88' title='bbox 1202 1425 1295 1486; x_wconf 81' lang='lat' dir='ltr'><strong>usque</strong></span> <span class='ocrx_word' id='word_1_89' title='bbox 1312 1409 1352 1470; x_wconf 86' lang='lat' dir='ltr'><strong>od</strong></span> <span class='ocrx_word' id='word_1_90' title='bbox 1369 1410 1552 1488; x_wconf 80' lang='lat' dir='ltr'><strong>monimum,</strong></span> <span class='ocrx_word' id='word_1_91' title='bbox 1564 1410 1618 1471; x_wconf 92' lang='lat' dir='ltr'><strong>sci·</strong></span> 
     </span>
     <span class='ocr_line' id='line_1_12' title="bbox 374 1490 1632 1583; baseline -0.003 -25"><span class='ocrx_word' id='word_1_92' title='bbox 374 1494 612 1570; x_wconf 90' lang='lat' dir='ltr'><strong>concedendum,</strong></span> <span class='ocrx_word' id='word_1_93' title='bbox 630 1494 689 1566; x_wconf 87' lang='lat' dir='ltr'><strong>G.,·</strong></span> <span class='ocrx_word' id='word_1_94' title='bbox 705 1491 744 1554; x_wconf 86' lang='lat' dir='ltr'><strong>ad</strong></span> <span class='ocrx_word' id='word_1_95' title='bbox 758 1491 976 1554; x_wconf 81' lang='lat' dir='ltr'><strong>excludendum</strong></span> <span class='ocrx_word' id='word_1_96' title='bbox 1017 1490 1088 1552; x_wconf 92' lang='lat' dir='ltr'><strong>licet</strong></span> <span class='ocrx_word' id='word_1_97' title='bbox 1115 1500 1295 1569; x_wconf 77' lang='lat' dir='ltr'><strong>cognoscent</strong></span> <span class='ocrx_word' id='word_1_98' title='bbox 1322 1491 1405 1554; x_wconf 91' lang='lat' dir='ltr'><strong>docti</strong></span> <span class='ocrx_word' id='word_1_99' title='bbox 1429 1501 1459 1554; x_wconf 93' lang='lat' dir='ltr'><strong>et</strong></span> <span class='ocrx_word' id='word_1_100' title='bbox 1477 1493 1592 1556; x_wconf 90' lang='lat' dir='ltr'><strong>indocti</strong></span> <span class='ocrx_word' id='word_1_101' title='bbox 1607 1543 1632 1583; x_wconf 83' lang='lat'><em>„</em></span> 
     </span>
     <span class='ocr_line' id='line_1_13' title="bbox 375 1573 1631 1657; baseline -0.005 -16"><span class='ocrx_word' id='word_1_102' title='bbox 375 1579 523 1641; x_wconf 87' lang='lat' dir='ltr'><strong>ecclesiae</strong></span> <span class='ocrx_word' id='word_1_103' title='bbox 542 1575 673 1640; x_wconf 84' lang='lat' dir='ltr'><strong>exterius</strong></span> <span class='ocrx_word' id='word_1_104' title='bbox 692 1575 913 1653; x_wconf 82' lang='lat' dir='ltr'><strong>magisterium,</strong></span> <span class='ocrx_word' id='word_1_105' title='bbox 934 1577 975 1640; x_wconf 88' lang='lat' dir='ltr'><strong>N.</strong></span> <span class='ocrx_word' id='word_1_106' title='bbox 1017 1573 1167 1654; x_wconf 88' lang='lat' dir='ltr'><strong>sapientes</strong></span> <span class='ocrx_word' id='word_1_107' title='bbox 1185 1584 1216 1634; x_wconf 89' lang='lat' dir='ltr'><strong>et</strong></span> <span class='ocrx_word' id='word_1_108' title='bbox 1232 1574 1323 1636; x_wconf 90' lang='lat' dir='ltr'><strong>rudes</strong></span> <span class='ocrx_word' id='word_1_109' title='bbox 1344 1575 1405 1657; x_wconf 90' lang='lat'><strong>(3).</strong></span> <span class='ocrx_word' id='word_1_110' title='bbox 1629 1638 1631 1643; x_wconf 66' lang='grc'><strong>,</strong></span> 
     </span>
     <span class='ocr_line' id='line_1_14' title="bbox 374 1657 1631 1735; baseline -0.002 -10"><span class='ocrx_word' id='word_1_111' title='bbox 374 1663 448 1725; x_wconf 86' lang='lat' dir='ltr'><strong>Nam</strong></span> <span class='ocrx_word' id='word_1_112' title='bbox 467 1661 500 1722; x_wconf 94' lang='lat' dir='ltr'><strong>in</strong></span> <span class='ocrx_word' id='word_1_113' title='bbox 526 1661 643 1723; x_wconf 88' lang='lat' dir='ltr'><strong>obiecto</strong></span> <span class='ocrx_word' id='word_1_114' title='bbox 677 1659 846 1722; x_wconf 86' lang='lat' dir='ltr'><strong>Hieremiae</strong></span> <span class='ocrx_word' id='word_1_115' title='bbox 870 1666 975 1735; x_wconf 84' lang='lat' dir='ltr'><strong>textu,</strong></span> <span class='ocrx_word' id='word_1_116' title='bbox 1062 1659 1134 1720; x_wconf 75' lang='lat'><strong>178.</strong></span> <span class='ocrx_word' id='word_1_117' title='bbox 1155 1657 1198 1719; x_wconf 87' lang='lat' dir='ltr'><strong>Ad</strong></span> <span class='ocrx_word' id='word_1_118' title='bbox 1216 1657 1247 1720; x_wconf 69' lang='lat'><strong>2.</strong></span> <span class='ocrx_word' id='word_1_119' title='bbox 1277 1660 1314 1720; x_wconf 88' lang='lat' dir='ltr'><strong>D.</strong></span> <span class='ocrx_word' id='word_1_120' title='bbox 1338 1659 1383 1721; x_wconf 82' lang='lat' dir='ltr'><strong>td</strong></span> <span class='ocrx_word' id='word_1_121' title='bbox 1414 1661 1631 1722; x_wconf 78' lang='lat' dir='ltr'><strong>exclusionem</strong></span> 
     </span>
     <span class='ocr_line' id='line_1_15' title="bbox 377 1741 1619 1828; baseline -0.002 -20"><span class='ocrx_word' id='word_1_122' title='bbox 377 1755 411 1808; x_wconf 87' lang='lat' dir='ltr'><strong>nt</strong></span> <span class='ocrx_word' id='word_1_123' title='bbox 428 1746 550 1828; x_wconf 86' lang='lat' dir='ltr'><strong>exponit</strong></span> <span class='ocrx_word' id='word_1_124' title='bbox 570 1743 724 1826; x_wconf 88' lang='lat' dir='ltr'><strong>apostolus</strong></span> <span class='ocrx_word' id='word_1_125' title='bbox 742 1742 833 1806; x_wconf 90' lang='lat' dir='ltr'><strong>Hebr.</strong></span> <span class='ocrx_word' id='word_1_126' title='bbox 862 1761 923 1820; x_wconf 84' lang='lat' dir='ltr'><strong>vni,</strong></span> <span class='ocrx_word' id='word_1_127' title='bbox 947 1744 977 1820; x_wconf 82' lang='lat' dir='ltr'><strong>l,</strong></span> <span class='ocrx_word' id='word_1_128' title='bbox 1018 1741 1132 1802; x_wconf 81' lang='lat' dir='ltr'><strong>externi</strong></span> <span class='ocrx_word' id='word_1_129' title='bbox 1150 1741 1371 1818; x_wconf 82' lang='lat' dir='ltr'><strong>magisterii,N.</strong></span> <span class='ocrx_word' id='word_1_130' title='bbox 1386 1741 1448 1804; x_wconf 95' lang='lat' dir='ltr'><strong>Hoc</strong></span> <span class='ocrx_word' id='word_1_131' title='bbox 1463 1746 1619 1826; x_wconf 89' lang='lat' dir='ltr'><strong>supposito</strong></span> 
     </span>
     <span class='ocr_line' id='line_1_16' title="bbox 376 1825 1618 1910; baseline -0.003 -18"><span class='ocrx_word' id='word_1_132' title='bbox 376 1849 464 1910; x_wconf 89' lang='lat' dir='ltr'><strong>seqq.</strong></span> <span class='ocrx_word' id='word_1_133' title='bbox 495 1847 594 1891; x_wconf 91' lang='lat' dir='ltr'><strong>sermo</strong></span> <span class='ocrx_word' id='word_1_134' title='bbox 624 1835 670 1890; x_wconf 90' lang='lat' dir='ltr'><strong>est</strong></span> <span class='ocrx_word' id='word_1_135' title='bbox 702 1825 739 1887; x_wconf 87' lang='lat' dir='ltr'><strong>de</strong></span> <span class='ocrx_word' id='word_1_136' title='bbox 765 1826 980 1889; x_wconf 88' lang='lat' dir='ltr'><strong>substitutione</strong></span> <span class='ocrx_word' id='word_1_137' title='bbox 1019 1844 1079 1886; x_wconf 91' lang='lat' dir='ltr'><strong>una</strong></span> <span class='ocrx_word' id='word_1_138' title='bbox 1110 1844 1179 1886; x_wconf 92' lang='lat' dir='ltr'><strong>cum</strong></span> <span class='ocrx_word' id='word_1_139' title='bbox 1206 1825 1341 1886; x_wconf 91' lang='lat' dir='ltr'><strong>interiori</strong></span> <span class='ocrx_word' id='word_1_140' title='bbox 1362 1825 1490 1907; x_wconf 88' lang='lat' dir='ltr'><strong>Spiritus</strong></span> <span class='ocrx_word' id='word_1_141' title='bbox 1524 1830 1618 1890; x_wconf 91' lang='lat' dir='ltr'><strong>sancti</strong></span> 
     </span>
     <span class='ocr_line' id='line_1_17' title="bbox 377 1907 1618 1992; baseline -0.002 -17"><span class='ocrx_word' id='word_1_142' title='bbox 377 1933 473 1975; x_wconf 84' lang='lat' dir='ltr'><strong>novae</strong></span> <span class='ocrx_word' id='word_1_143' title='bbox 492 1913 566 1991; x_wconf 83' lang='lat' dir='ltr'><strong>legis</strong></span> <span class='ocrx_word' id='word_1_144' title='bbox 586 1910 774 1987; x_wconf 85' lang='lat' dir='ltr'><strong>evangelicae</strong></span> <span class='ocrx_word' id='word_1_145' title='bbox 792 1911 880 1989; x_wconf 85' lang='lat' dir='ltr'><strong>longe</strong></span> <span class='ocrx_word' id='word_1_146' title='bbox 908 1929 979 1991; x_wconf 91' lang='lat' dir='ltr'><strong>per·</strong></span> <span class='ocrx_word' id='word_1_147' title='bbox 1017 1908 1171 1986; x_wconf 60' lang='lat' dir='ltr'><strong>gratini).</strong></span> <span class='ocrx_word' id='word_1_148' title='bbox 1192 1907 1263 1991; x_wconf 86' lang='lat' dir='ltr'><strong>Nam</strong></span> <span class='ocrx_word' id='word_1_149' title='bbox 1282 1928 1318 1970; x_wconf 93' lang='lat' dir='ltr'><strong>eo</strong></span> <span class='ocrx_word' id='word_1_150' title='bbox 1337 1910 1415 1990; x_wconf 72' lang='lat' dir='ltr'><strong>ipso,</strong></span> <span class='ocrx_word' id='word_1_151' title='bbox 1433 1912 1515 1992; x_wconf 91' lang='lat' dir='ltr'><strong>quod</strong></span> <span class='ocrx_word' id='word_1_152' title='bbox 1528 1911 1618 1974; x_wconf 89' lang='lat' dir='ltr'><strong>Ioan-</strong></span> 
     </span>
     <span class='ocr_line' id='line_1_18' title="bbox 377 1991 1619 2072; baseline 0.001 -14"><span class='ocrx_word' id='word_1_153' title='bbox 377 1996 511 2059; x_wconf 87' lang='lat' dir='ltr'><strong>lectioris</strong></span> <span class='ocrx_word' id='word_1_154' title='bbox 530 1996 587 2072; x_wconf 85' lang='lat' dir='ltr'><strong>legi</strong></span> <span class='ocrx_word' id='word_1_155' title='bbox 605 2013 659 2056; x_wconf 91' lang='lat' dir='ltr'><strong>seu</strong></span> <span class='ocrx_word' id='word_1_156' title='bbox 675 2001 853 2056; x_wconf 87' lang='lat' dir='ltr'><strong>testamento</strong></span> <span class='ocrx_word' id='word_1_157' title='bbox 872 1994 977 2071; x_wconf 89' lang='lat' dir='ltr'><strong>veteri,</strong></span> <span class='ocrx_word' id='word_1_158' title='bbox 1020 2011 1073 2053; x_wconf 86' lang='lat' dir='ltr'><strong>nes</strong></span> <span class='ocrx_word' id='word_1_159' title='bbox 1092 1991 1297 2072; x_wconf 86' lang='lat' dir='ltr'><strong>praemiserit:</strong></span> <span class='ocrx_word' id='word_1_160' title='bbox 1321 1994 1406 2068; x_wconf 77' lang='lat' dir='ltr'><strong>Quod</strong></span> <span class='ocrx_word' id='word_1_161' title='bbox 1424 1996 1555 2058; x_wconf 80' lang='lat' dir='ltr'><strong>audistis</strong></span> <span class='ocrx_word' id='word_1_162' title='bbox 1585 2000 1619 2059; x_wconf 82' lang='lat' dir='ltr'><strong>ul&gt;</strong></span> 
     </span>
     <span class='ocr_line' id='line_1_19' title="bbox 377 2077 1620 2162; baseline -0.003 -18"><span class='ocrx_word' id='word_1_163' title='bbox 377 2099 531 2162; x_wconf 84' lang='lat' dir='ltr'><strong>quamque</strong></span> <span class='ocrx_word' id='word_1_164' title='bbox 547 2079 626 2142; x_wconf 81' lang='lat' dir='ltr'><strong>licus</strong></span> <span class='ocrx_word' id='word_1_165' title='bbox 642 2077 820 2140; x_wconf 88' lang='lat' dir='ltr'><strong>infidelium</strong></span> <span class='ocrx_word' id='word_1_166' title='bbox 837 2078 980 2139; x_wconf 86' lang='lat' dir='ltr'><strong>cordibus</strong></span> <span class='ocrx_word' id='word_1_167' title='bbox 1019 2077 1264 2152; x_wconf 63' lang='lat' dir='ltr'><strong>initiamentis</strong></span> <span class='ocrx_word' id='word_1_168' title='bbox 1277 2087 1467 2157; x_wconf 83' lang='lat' dir='ltr'><strong>permoneat,</strong></span> <span class='ocrx_word' id='word_1_169' title='bbox 1479 2081 1620 2161; x_wconf 88' lang='lat' dir='ltr'><strong>supponit</strong></span> 
     </span>
     <span class='ocr_line' id='line_1_20' title="bbox 376 2159 1621 2246; baseline -0.002 -20"><span class='ocrx_word' id='word_1_170' title='bbox 376 2184 430 2246; x_wconf 88' lang='lat' dir='ltr'><strong>per</strong></span> <span class='ocrx_word' id='word_1_171' title='bbox 446 2164 571 2244; x_wconf 84' lang='lat' dir='ltr'><strong>gratiam</strong></span> <span class='ocrx_word' id='word_1_172' title='bbox 587 2181 672 2226; x_wconf 88' lang='lat' dir='ltr'><strong>suam</strong></span> <span class='ocrx_word' id='word_1_173' title='bbox 691 2169 771 2224; x_wconf 88' lang='lat' dir='ltr'><strong>esset</strong></span> <span class='ocrx_word' id='word_1_174' title='bbox 798 2162 977 2242; x_wconf 91' lang='lat' dir='ltr'><strong>scripturus,</strong></span> <span class='ocrx_word' id='word_1_175' title='bbox 1020 2159 1134 2236; x_wconf 86' lang='lat' dir='ltr'><strong>lideles,</strong></span> <span class='ocrx_word' id='word_1_176' title='bbox 1154 2178 1231 2241; x_wconf 92' lang='lat' dir='ltr'><strong>qnos</strong></span> <span class='ocrx_word' id='word_1_177' title='bbox 1249 2161 1471 2242; x_wconf 89' lang='lat' dir='ltr'><strong>alloquebatur,</strong></span> <span class='ocrx_word' id='word_1_178' title='bbox 1492 2163 1621 2244; x_wconf 82' lang='lat' dir='ltr'><strong>iamper</strong></span> 
     </span>
     <span class='ocr_line' id='line_1_21' title="bbox 377 2241 1681 2324; baseline -0.002 -14"><span class='ocrx_word' id='word_1_179' title='bbox 377 2249 415 2310; x_wconf 90' lang='lat' dir='ltr'><strong>ad</strong></span> <span class='ocrx_word' id='word_1_180' title='bbox 433 2241 595 2310; x_wconf 88' lang='lat' dir='ltr'><strong>discrimen</strong></span> <span class='ocrx_word' id='word_1_181' title='bbox 612 2245 722 2310; x_wconf 87' lang='lat' dir='ltr'><strong>veteris</strong></span> <span class='ocrx_word' id='word_1_182' title='bbox 741 2246 815 2324; x_wconf 81' lang='lat' dir='ltr'><strong>legis</strong></span> <span class='ocrx_word' id='word_1_183' title='bbox 834 2246 920 2308; x_wconf 89' lang='lat' dir='ltr'><strong>datae</strong></span> <span class='ocrx_word' id='word_1_184' title='bbox 948 2245 980 2306; x_wconf 91' lang='lat' dir='ltr'><strong>in</strong></span> <span class='ocrx_word' id='word_1_185' title='bbox 1020 2252 1175 2305; x_wconf 78' lang='lat' dir='ltr'><strong>externum</strong></span> <span class='ocrx_word' id='word_1_186' title='bbox 1200 2244 1403 2322; x_wconf 84' lang='lat' dir='ltr'><strong>magisterium</strong></span> <span class='ocrx_word' id='word_1_187' title='bbox 1424 2245 1518 2308; x_wconf 90' lang='lat' dir='ltr'><strong>luisse</strong></span> <span class='ocrx_word' id='word_1_188' title='bbox 1546 2250 1619 2308; x_wconf 93' lang='lat' dir='ltr'><strong>edo·</strong></span> <span class='ocrx_word' id='word_1_189' title='bbox 1680 2252 1681 2293; x_wconf 72' lang='lat' dir='ltr'><strong>t</strong></span> 
     </span>
     <span class='ocr_line' id='line_1_22' title="bbox 378 2329 1619 2412; baseline -0.001 -19"><span class='ocrx_word' id='word_1_190' title='bbox 378 2329 810 2412; x_wconf 80' lang='lat' dir='ltr'><strong>tabulislapideiseleuteriori</strong></span> <span class='ocrx_word' id='word_1_191' title='bbox 821 2337 979 2409; x_wconf 90' lang='lat' dir='ltr'><strong>apparatu,</strong></span> <span class='ocrx_word' id='word_1_192' title='bbox 1019 2335 1094 2404; x_wconf 93' lang='lat' dir='ltr'><strong>ctos,</strong></span> <span class='ocrx_word' id='word_1_193' title='bbox 1116 2335 1150 2388; x_wconf 93' lang='lat' dir='ltr'><strong>ut</strong></span> <span class='ocrx_word' id='word_1_194' title='bbox 1168 2336 1249 2388; x_wconf 87' lang='lat' dir='ltr'><strong>recte</strong></span> <span class='ocrx_word' id='word_1_195' title='bbox 1281 2339 1383 2390; x_wconf 91' lang='lat' dir='ltr'><strong>monet</strong></span> <span class='ocrx_word' id='word_1_196' title='bbox 1414 2347 1439 2390; x_wconf 90' lang='lat' dir='ltr'><strong>s.</strong></span> <span class='ocrx_word' id='word_1_197' title='bbox 1473 2330 1619 2408; x_wconf 82' lang='lat' dir='ltr'><strong>Augusti·</strong></span> 
     </span>
     <span class='ocr_line' id='line_1_23' title="bbox 379 2410 1619 2493; baseline -0.002 -15"><span class='ocrx_word' id='word_1_198' title='bbox 379 2431 513 2478; x_wconf 91' lang='lat' dir='ltr'><strong>necnon</strong></span> <span class='ocrx_word' id='word_1_199' title='bbox 544 2412 706 2475; x_wconf 84' lang='lat' dir='ltr'><strong>delationi</strong></span> <span class='ocrx_word' id='word_1_200' title='bbox 736 2413 896 2474; x_wconf 85' lang='lat' dir='ltr'><strong>diffusione</strong></span> <span class='ocrx_word' id='word_1_201' title='bbox 928 2431 982 2493; x_wconf 90' lang='lat' dir='ltr'><strong>per</strong></span> <span class='ocrx_word' id='word_1_202' title='bbox 1019 2429 1077 2472; x_wconf 91' lang='lat' dir='ltr'><strong>nus</strong></span> <span class='ocrx_word' id='word_1_203' title='bbox 1096 2411 1156 2490; x_wconf 79' lang='lat' dir='ltr'><strong>(l).</strong></span> <span class='ocrx_word' id='word_1_204' title='bbox 1177 2410 1246 2472; x_wconf 91' lang='lat' dir='ltr'><strong>ldeo</strong></span> <span class='ocrx_word' id='word_1_205' title='bbox 1266 2412 1479 2475; x_wconf 82' lang='lat' dir='ltr'><strong>veroadierit:</strong></span> <span class='ocrx_word' id='word_1_206' title='bbox 1500 2433 1619 2476; x_wconf 91' lang='lat' dir='ltr'><strong>eosne·</strong></span> 
     </span>
     <span class='ocr_line' id='line_1_24' title="bbox 379 2495 1620 2580; baseline -0.002 -20"><span class='ocrx_word' id='word_1_207' title='bbox 379 2516 484 2560; x_wconf 88' lang='lat' dir='ltr'><strong>omnes</strong></span> <span class='ocrx_word' id='word_1_208' title='bbox 502 2507 605 2574; x_wconf 79' lang='lat' dir='ltr'><strong>gentes</strong></span> <span class='ocrx_word' id='word_1_209' title='bbox 625 2497 804 2574; x_wconf 82' lang='lat' dir='ltr'><strong>novaelegis</strong></span> <span class='ocrx_word' id='word_1_210' title='bbox 819 2505 983 2576; x_wconf 87' lang='lat' dir='ltr'><strong>praevete-</strong></span> <span class='ocrx_word' id='word_1_211' title='bbox 1019 2513 1104 2556; x_wconf 92' lang='lat' dir='ltr'><strong>cesse</strong></span> <span class='ocrx_word' id='word_1_212' title='bbox 1119 2495 1201 2556; x_wconf 91' lang='lat' dir='ltr'><strong>baud</strong></span> <span class='ocrx_word' id='word_1_213' title='bbox 1216 2495 1341 2573; x_wconf 91' lang='lat' dir='ltr'><strong>habere,</strong></span> <span class='ocrx_word' id='word_1_214' title='bbox 1365 2505 1398 2557; x_wconf 89' lang='lat' dir='ltr'><strong>ut</strong></span> <span class='ocrx_word' id='word_1_215' title='bbox 1415 2497 1529 2577; x_wconf 90' lang='lat' dir='ltr'><strong>aliquis</strong></span> <span class='ocrx_word' id='word_1_216' title='bbox 1542 2499 1620 2580; x_wconf 92' lang='lat' dir='ltr'><strong>ipsos</strong></span> 
     </span>
     <span class='ocr_line' id='line_1_25' title="bbox 378 2577 1621 2662; baseline 0.001 -20"><span class='ocrx_word' id='word_1_217' title='bbox 378 2601 412 2644; x_wconf 91' lang='lat' dir='ltr'><strong>re</strong></span> <span class='ocrx_word' id='word_1_218' title='bbox 423 2581 560 2643; x_wconf 86' lang='lat' dir='ltr'><strong>adununr</strong></span> <span class='ocrx_word' id='word_1_219' title='bbox 576 2581 720 2662; x_wconf 90' lang='lat' dir='ltr'><strong>populum</strong></span> <span class='ocrx_word' id='word_1_220' title='bbox 731 2588 892 2642; x_wconf 87' lang='lat' dir='ltr'><strong>coarctata.</strong></span> <span class='ocrx_word' id='word_1_221' title='bbox 906 2579 982 2642; x_wconf 88' lang='lat' dir='ltr'><strong>Gon·</strong></span> <span class='ocrx_word' id='word_1_222' title='bbox 1020 2577 1152 2656; x_wconf 91' lang='lat' dir='ltr'><strong>doceret,</strong></span> <span class='ocrx_word' id='word_1_223' title='bbox 1172 2597 1211 2640; x_wconf 94' lang='lat' dir='ltr'><strong>ne</strong></span> <span class='ocrx_word' id='word_1_224' title='bbox 1236 2579 1292 2640; x_wconf 90' lang='lat' dir='ltr'><strong>bac</strong></span> <span class='ocrx_word' id='word_1_225' title='bbox 1326 2580 1496 2658; x_wconf 87' lang='lat' dir='ltr'><strong>occasione,</strong></span> <span class='ocrx_word' id='word_1_226' title='bbox 1517 2591 1551 2643; x_wconf 91' lang='lat' dir='ltr'><strong>et</strong></span> <span class='ocrx_word' id='word_1_227' title='bbox 1569 2583 1621 2643; x_wconf 94' lang='lat' dir='ltr'><strong>sub</strong></span> 
     </span>
     <span class='ocr_line' id='line_1_26' title="bbox 379 2663 1621 2742; baseline 0.002 -16"><span class='ocrx_word' id='word_1_228' title='bbox 379 2665 463 2728; x_wconf 89' lang='lat' dir='ltr'><strong>lundi</strong></span> <span class='ocrx_word' id='word_1_229' title='bbox 501 2665 592 2742; x_wconf 85' lang='lat' dir='ltr'><strong>igitur</strong></span> <span class='ocrx_word' id='word_1_230' title='bbox 625 2682 683 2726; x_wconf 92' lang='lat' dir='ltr'><strong>non</strong></span> <span class='ocrx_word' id='word_1_231' title='bbox 719 2663 830 2724; x_wconf 88' lang='lat' dir='ltr'><strong>debent</strong></span> <span class='ocrx_word' id='word_1_232' title='bbox 863 2664 983 2726; x_wconf 90' lang='lat' dir='ltr'><strong>interna</strong></span> <span class='ocrx_word' id='word_1_233' title='bbox 1020 2663 1144 2724; x_wconf 87' lang='lat' dir='ltr'><strong>obtentu</strong></span> <span class='ocrx_word' id='word_1_234' title='bbox 1163 2663 1315 2725; x_wconf 87' lang='lat' dir='ltr'><strong>ulterioris</strong></span> <span class='ocrx_word' id='word_1_235' title='bbox 1341 2663 1554 2728; x_wconf 88' lang='lat' dir='ltr'><strong>instructionis</strong></span> <span class='ocrx_word' id='word_1_236' title='bbox 1572 2667 1621 2727; x_wconf 90' lang='lat' dir='ltr'><strong>de-</strong></span> 
     </span>
     <span class='ocr_line' id='line_1_27' title="bbox 381 2746 1619 2830; baseline 0 -20"><span class='ocrx_word' id='word_1_237' title='bbox 381 2748 535 2827; x_wconf 86' lang='lat' dir='ltr'><strong>revolatlo,</strong></span> <span class='ocrx_word' id='word_1_238' title='bbox 556 2757 645 2830; x_wconf 93' lang='lat' dir='ltr'><strong>prout</strong></span> <span class='ocrx_word' id='word_1_239' title='bbox 666 2746 828 2810; x_wconf 87' lang='lat' dir='ltr'><strong>adversarii</strong></span> <span class='ocrx_word' id='word_1_240' title='bbox 854 2747 979 2826; x_wconf 86' lang='lat' dir='ltr'><strong>faciunt,</strong></span> <span class='ocrx_word' id='word_1_241' title='bbox 1020 2746 1192 2826; x_wconf 89' lang='lat' dir='ltr'><strong>cipereutnr</strong></span> <span class='ocrx_word' id='word_1_242' title='bbox 1222 2747 1260 2808; x_wconf 92' lang='lat' dir='ltr'><strong>ab</strong></span> <span class='ocrx_word' id='word_1_243' title='bbox 1287 2747 1458 2826; x_wconf 91' lang='lat' dir='ltr'><strong>haereticis,</strong></span> <span class='ocrx_word' id='word_1_244' title='bbox 1480 2750 1536 2830; x_wconf 89' lang='lat' dir='ltr'><strong>qui</strong></span> <span class='ocrx_word' id='word_1_245' title='bbox 1566 2750 1619 2812; x_wconf 84' lang='lat' dir='ltr'><strong>iam</strong></span> 
     </span>
     <span class='ocr_line' id='line_1_28' title="bbox 382 2831 1617 2914; baseline 0.001 -20"><span class='ocrx_word' id='word_1_246' title='bbox 382 2843 412 2896; x_wconf 90' lang='lat' dir='ltr'><strong>et</strong></span> <span class='ocrx_word' id='word_1_247' title='bbox 430 2833 557 2894; x_wconf 91' lang='lat' dir='ltr'><strong>interius</strong></span> <span class='ocrx_word' id='word_1_248' title='bbox 576 2832 687 2911; x_wconf 82' lang='lat' dir='ltr'><strong>gratiae</strong></span> <span class='ocrx_word' id='word_1_249' title='bbox 705 2831 848 2894; x_wconf 86' lang='lat' dir='ltr'><strong>auxilium</strong></span> <span class='ocrx_word' id='word_1_250' title='bbox 864 2832 901 2894; x_wconf 89' lang='lat' dir='ltr'><strong>ad</strong></span> <span class='ocrx_word' id='word_1_251' title='bbox 912 2851 981 2894; x_wconf 91' lang='lat' dir='ltr'><strong>cre·</strong></span> <span class='ocrx_word' id='word_1_252' title='bbox 1021 2849 1057 2892; x_wconf 92' lang='lat' dir='ltr'><strong>ea</strong></span> <span class='ocrx_word' id='word_1_253' title='bbox 1079 2837 1176 2892; x_wconf 90' lang='lat' dir='ltr'><strong>aetate</strong></span> <span class='ocrx_word' id='word_1_254' title='bbox 1198 2848 1258 2890; x_wconf 93' lang='lat' dir='ltr'><strong>uon</strong></span> <span class='ocrx_word' id='word_1_255' title='bbox 1280 2850 1391 2912; x_wconf 92' lang='lat' dir='ltr'><strong>paucos</strong></span> <span class='ocrx_word' id='word_1_256' title='bbox 1409 2831 1617 2914; x_wconf 79' lang='lat' dir='ltr'><strong>decipiebant,</strong></span> 
     </span>
     <span class='ocr_line' id='line_1_29' title="bbox 380 2913 1620 2995; baseline -0.002 -15"><span class='ocrx_word' id='word_1_257' title='bbox 380 2917 523 2994; x_wconf 84' lang='lat' dir='ltr'><strong>deudum;</strong></span> <span class='ocrx_word' id='word_1_258' title='bbox 560 2915 640 2978; x_wconf 91' lang='lat' dir='ltr'><strong>istud</strong></span> <span class='ocrx_word' id='word_1_259' title='bbox 670 2915 749 2976; x_wconf 90' lang='lat' dir='ltr'><strong>enim</strong></span> <span class='ocrx_word' id='word_1_260' title='bbox 777 2917 980 2978; x_wconf 89' lang='lat' dir='ltr'><strong>necessarium</strong></span> <span class='ocrx_word' id='word_1_261' title='bbox 1021 2913 1123 2976; x_wconf 89' lang='lat' dir='ltr'><strong>subdit</strong></span> <span class='ocrx_word' id='word_1_262' title='bbox 1142 2913 1292 2994; x_wconf 92' lang='lat' dir='ltr'><strong>siquidem</strong></span> <span class='ocrx_word' id='word_1_263' title='bbox 1318 2915 1521 2995; x_wconf 81' lang='lat' dir='ltr'><strong>Evangelista,</strong></span> <span class='ocrx_word' id='word_1_264' title='bbox 1551 2938 1620 2979; x_wconf 91' lang='lat' dir='ltr'><strong>con-</strong></span> 
     </span>
     <span class='ocr_line' id='line_1_30' title="bbox 382 2996 1621 3077; baseline 0.002 -15"><span class='ocrx_word' id='word_1_265' title='bbox 382 3010 427 3064; x_wconf 89' lang='lat' dir='ltr'><strong>est</strong></span> <span class='ocrx_word' id='word_1_266' title='bbox 456 3000 596 3064; x_wconf 88' lang='lat' dir='ltr'><strong>omnibus</strong></span> <span class='ocrx_word' id='word_1_267' title='bbox 625 3008 655 3062; x_wconf 91' lang='lat' dir='ltr'><strong>et</strong></span> <span class='ocrx_word' id='word_1_268' title='bbox 674 2999 820 3077; x_wconf 83' lang='lat' dir='ltr'><strong>singulis,</strong></span> <span class='ocrx_word' id='word_1_269' title='bbox 842 3001 982 3062; x_wconf 90' lang='lat' dir='ltr'><strong>illavero</strong></span> <span class='ocrx_word' id='word_1_270' title='bbox 1022 2998 1146 3060; x_wconf 92' lang='lat' dir='ltr'><strong>cludens</strong></span> <span class='ocrx_word' id='word_1_271' title='bbox 1179 3017 1264 3059; x_wconf 88' lang='lat' dir='ltr'><strong>suam</strong></span> <span class='ocrx_word' id='word_1_272' title='bbox 1302 2996 1524 3062; x_wconf 84' lang='lat' dir='ltr'><strong>monitionem:</strong></span> <span class='ocrx_word' id='word_1_273' title='bbox 1548 3004 1621 3064; x_wconf 84' lang='lat' dir='ltr'><strong>Huec</strong></span> 
     </span>
     <span class='ocr_line' id='line_1_31' title="bbox 380 3082 1622 3162; baseline 0 -16"><span class='ocrx_word' id='word_1_274' title='bbox 380 3103 441 3146; x_wconf 91' lang='lat' dir='ltr'><strong>non</strong></span> <span class='ocrx_word' id='word_1_275' title='bbox 476 3085 560 3160; x_wconf 87' lang='lat' dir='ltr'><strong>item.</strong></span> <span class='ocrx_word' id='word_1_276' title='bbox 581 3083 770 3144; x_wconf 89' lang='lat' dir='ltr'><strong>Promittitur</strong></span> <span class='ocrx_word' id='word_1_277' title='bbox 789 3103 824 3144; x_wconf 91' lang='lat' dir='ltr'><strong>eo</strong></span> <span class='ocrx_word' id='word_1_278' title='bbox 849 3084 880 3144; x_wconf 92' lang='lat' dir='ltr'><strong>in</strong></span> <span class='ocrx_word' id='word_1_279' title='bbox 913 3085 981 3145; x_wconf 93' lang='lat' dir='ltr'><strong>loco</strong></span> <span class='ocrx_word' id='word_1_280' title='bbox 1021 3082 1128 3160; x_wconf 76' lang='lat' dir='ltr'><strong>scripsi</strong></span> <span class='ocrx_word' id='word_1_281' title='bbox 1149 3083 1228 3144; x_wconf 87' lang='lat' dir='ltr'><strong>uobis</strong></span> <span class='ocrx_word' id='word_1_282' title='bbox 1255 3084 1290 3144; x_wconf 85' lang='lat' dir='ltr'><strong>de</strong></span> <span class='ocrx_word' id='word_1_283' title='bbox 1307 3083 1364 3160; x_wconf 83' lang='lat' dir='ltr'><strong>bis,</strong></span> <span class='ocrx_word' id='word_1_284' title='bbox 1398 3085 1450 3162; x_wconf 87' lang='lat' dir='ltr'><strong>qui</strong></span> <span class='ocrx_word' id='word_1_285' title='bbox 1478 3088 1622 3148; x_wconf 64' lang='lat' dir='ltr'><strong>emturum</strong></span> 
     </span>
     <span class='ocr_line' id='line_1_32' title="bbox 382 3166 1148 3249; baseline -0.003 -21"><span class='ocrx_word' id='word_1_286' title='bbox 382 3168 543 3249; x_wconf 89' lang='lat' dir='ltr'><strong>peculiaris</strong></span> <span class='ocrx_word' id='word_1_287' title='bbox 561 3167 656 3242; x_wconf 84' lang='lat' dir='ltr'><strong>gratia</strong></span> <span class='ocrx_word' id='word_1_288' title='bbox 671 3175 701 3228; x_wconf 90' lang='lat' dir='ltr'><strong>et</strong></span> <span class='ocrx_word' id='word_1_289' title='bbox 719 3167 836 3232; x_wconf 89' lang='lat' dir='ltr'><strong>interna</strong></span> <span class='ocrx_word' id='word_1_290' title='bbox 854 3167 982 3246; x_wconf 86' lang='lat' dir='ltr'><strong>Spiritus</strong></span> <span class='ocrx_word' id='word_1_291' title='bbox 1021 3183 1069 3228; x_wconf 78' lang='lat' dir='ltr'><strong>ooo</strong></span> <span class='ocrx_word' id='word_1_292' title='bbox 1088 3166 1148 3244; x_wconf 82' lang='lat'><strong>(5).</strong></span> 
     </span>
     <span class='ocr_line' id='line_1_33' title="bbox 382 3247 1680 3330; baseline -0.001 -17"><span class='ocrx_word' id='word_1_293' title='bbox 382 3251 478 3313; x_wconf 87' lang='lat' dir='ltr'><strong>sancti</strong></span> <span class='ocrx_word' id='word_1_294' title='bbox 494 3249 675 3312; x_wconf 87' lang='lat' dir='ltr'><strong>illuminatio</strong></span> <span class='ocrx_word' id='word_1_295' title='bbox 695 3249 791 3311; x_wconf 87' lang='lat' dir='ltr'><strong>danda</strong></span> <span class='ocrx_word' id='word_1_296' title='bbox 809 3250 982 3312; x_wconf 90' lang='lat' dir='ltr'><strong>hominibus</strong></span> <span class='ocrx_word' id='word_1_297' title='bbox 1072 3249 1141 3311; x_wconf 79' lang='lat' dir='ltr'><strong>l&#39;ltl.</strong></span> <span class='ocrx_word' id='word_1_298' title='bbox 1163 3247 1209 3310; x_wconf 81' lang='lat' dir='ltr'><strong>Ad</strong></span> <span class='ocrx_word' id='word_1_299' title='bbox 1228 3249 1258 3310; x_wconf 88' lang='lat'><strong>3.</strong></span> <span class='ocrx_word' id='word_1_300' title='bbox 1279 3251 1318 3314; x_wconf 89' lang='lat' dir='ltr'><strong>N.</strong></span> <span class='ocrx_word' id='word_1_301' title='bbox 1336 3249 1471 3313; x_wconf 86' lang='lat' dir='ltr'><strong>Christus</strong></span> <span class='ocrx_word' id='word_1_302' title='bbox 1487 3253 1582 3330; x_wconf 93' lang='lat' dir='ltr'><strong>enim,</strong></span> <span class='ocrx_word' id='word_1_303' title='bbox 1594 3260 1623 3314; x_wconf 94' lang='lat' dir='ltr'><strong>nt</strong></span> <span class='ocrx_word' id='word_1_304' title='bbox 1679 3258 1680 3265; x_wconf 77' lang='grc'>’</span> 
     </span>
     <span class='ocr_line' id='line_1_34' title="bbox 319 3331 1624 3418; baseline 0.001 -22"><span class='ocrx_word' id='word_1_305' title='bbox 319 3353 323 3364; x_wconf 91' lang='grc'><em>·</em></span> <span class='ocrx_word' id='word_1_306' title='bbox 382 3335 440 3396; x_wconf 89' lang='lat' dir='ltr'><strong>hoc</strong></span> <span class='ocrx_word' id='word_1_307' title='bbox 460 3342 594 3414; x_wconf 88' lang='lat' dir='ltr'><strong>tempore</strong></span> <span class='ocrx_word' id='word_1_308' title='bbox 608 3332 720 3411; x_wconf 82' lang='lat' dir='ltr'><strong>gratiae</strong></span> <span class='ocrx_word' id='word_1_309' title='bbox 739 3333 776 3394; x_wconf 90' lang='lat' dir='ltr'><strong>ad</strong></span> <span class='ocrx_word' id='word_1_310' title='bbox 800 3333 981 3396; x_wconf 86' lang='lat' dir='ltr'><strong>credendum</strong></span> <span class='ocrx_word' id='word_1_311' title='bbox 1022 3331 1119 3412; x_wconf 90' lang='lat' dir='ltr'><strong>liquet</strong></span> <span class='ocrx_word' id='word_1_312' title='bbox 1136 3334 1422 3412; x_wconf 81' lang='lat' dir='ltr'><strong>exorationisserie,</strong></span> <span class='ocrx_word' id='word_1_313' title='bbox 1442 3335 1624 3418; x_wconf 85' lang='lat' dir='ltr'><strong>adiscipnlis</strong></span> 
     </span>
     <span class='ocr_line' id='line_1_35' title="bbox 382 3415 1623 3497; baseline 0 -17"><span class='ocrx_word' id='word_1_314' title='bbox 382 3415 1623 3497; x_wconf 53' lang='lat' dir='ltr'><strong>mmmfflmmammm,maesmnmmmmmmmmMmi</strong></span> 
     </span>
     <span class='ocr_line' id='line_1_36' title="bbox 381 3499 1621 3582; baseline 0.001 -19"><span class='ocrx_word' id='word_1_315' title='bbox 381 3502 443 3564; x_wconf 91' lang='lat' dir='ltr'><strong>illis</strong></span> <span class='ocrx_word' id='word_1_316' title='bbox 462 3500 684 3582; x_wconf 89' lang='lat' dir='ltr'><strong>praedicantur,</strong></span> <span class='ocrx_word' id='word_1_317' title='bbox 707 3499 789 3562; x_wconf 85' lang='lat' dir='ltr'><strong>iuxta</strong></span> <span class='ocrx_word' id='word_1_318' title='bbox 817 3500 890 3562; x_wconf 93' lang='lat' dir='ltr'><strong>illud</strong></span> <span class='ocrx_word' id='word_1_319' title='bbox 908 3501 981 3562; x_wconf 74' lang='lat' dir='ltr'><strong>loel.</strong></span> <span class='ocrx_word' id='word_1_320' title='bbox 1024 3499 1071 3560; x_wconf 90' lang='lat' dir='ltr'><strong>nis</strong></span> <span class='ocrx_word' id='word_1_321' title='bbox 1090 3499 1285 3562; x_wconf 88' lang='lat' dir='ltr'><strong>ambitionem</strong></span> <span class='ocrx_word' id='word_1_322' title='bbox 1305 3501 1437 3562; x_wconf 82' lang='lat' dir='ltr'><strong>excludit</strong></span> <span class='ocrx_word' id='word_1_323' title='bbox 1468 3512 1500 3563; x_wconf 88' lang='lat' dir='ltr'><strong>et</strong></span> <span class='ocrx_word' id='word_1_324' title='bbox 1517 3503 1621 3566; x_wconf 82' lang='lat' dir='ltr'><strong>fastum</strong></span> 
     </span>
     <span class='ocr_line' id='line_1_37' title="bbox 382 3583 1624 3669; baseline 0 -21"><span class='ocrx_word' id='word_1_325' title='bbox 382 3604 415 3660; x_wconf 91' lang='lat' dir='ltr'><strong>u,</strong></span> <span class='ocrx_word' id='word_1_326' title='bbox 437 3585 488 3646; x_wconf 71' lang='lat'><strong>28:</strong></span> <span class='ocrx_word' id='word_1_327' title='bbox 517 3585 682 3664; x_wconf 70' lang='lat' dir='ltr'><strong>Effundam</strong></span> <span class='ocrx_word' id='word_1_328' title='bbox 711 3585 858 3663; x_wconf 86' lang='lat' dir='ltr'><strong>Spiritum</strong></span> <span class='ocrx_word' id='word_1_329' title='bbox 886 3603 984 3648; x_wconf 83' lang='lat' dir='ltr'><strong>meunt</strong></span> <span class='ocrx_word' id='word_1_330' title='bbox 1024 3583 1250 3663; x_wconf 89' lang='lat' dir='ltr'><strong>pharisaeorum</strong></span> <span class='ocrx_word' id='word_1_331' title='bbox 1274 3603 1370 3647; x_wconf 91' lang='lat' dir='ltr'><strong>more.</strong></span> <span class='ocrx_word' id='word_1_332' title='bbox 1394 3585 1540 3665; x_wconf 83' lang='lat' dir='ltr'><strong>Alioquin</strong></span> <span class='ocrx_word' id='word_1_333' title='bbox 1559 3607 1624 3669; x_wconf 92' lang='lat' dir='ltr'><strong>apo·</strong></span> 
     </span>
     <span class='ocr_line' id='line_1_38' title="bbox 308 3667 1620 3750; baseline -0.001 -18"><span class='ocrx_word' id='word_1_334' title='bbox 308 3737 311 3744; x_wconf 68' lang='grc'>,</span> <span class='ocrx_word' id='word_1_335' title='bbox 382 3688 473 3750; x_wconf 85' lang='lat' dir='ltr'><strong>super</strong></span> <span class='ocrx_word' id='word_1_336' title='bbox 486 3687 602 3732; x_wconf 84' lang='lat' dir='ltr'><strong>omnem</strong></span> <span class='ocrx_word' id='word_1_337' title='bbox 618 3685 739 3732; x_wconf 82' lang='lat' dir='ltr'><strong>caruem</strong></span> <span class='ocrx_word' id='word_1_338' title='bbox 751 3669 812 3750; x_wconf 67' lang='lat'><strong>(⁰2).</strong></span> <span class='ocrx_word' id='word_1_339' title='bbox 1025 3668 1118 3729; x_wconf 92' lang='lat' dir='ltr'><strong>stolos</strong></span> <span class='ocrx_word' id='word_1_340' title='bbox 1136 3685 1197 3728; x_wconf 92' lang='lat' dir='ltr'><strong>non</strong></span> <span class='ocrx_word' id='word_1_341' title='bbox 1215 3667 1347 3730; x_wconf 90' lang='lat' dir='ltr'><strong>misisset</strong></span> <span class='ocrx_word' id='word_1_342' title='bbox 1376 3668 1413 3731; x_wconf 89' lang='lat' dir='ltr'><strong>ad</strong></span> <span class='ocrx_word' id='word_1_343' title='bbox 1437 3668 1620 3745; x_wconf 63' lang='lat' dir='ltr'><strong>docendum</strong></span> 
     </span>
    </p>
   </div>
   <div class='ocr_carea' id='block_1_3' title="bbox 383 3748 1680 4754">
    <p class='ocr_par' dir='ltr' id='par_1_3' title="bbox 383 3748 1680 4754">
     <span class='ocr_line' id='line_1_39' title="bbox 419 3748 1680 3929; baseline 0.002 -118"><span class='ocrx_word' id='word_1_344' title='bbox 419 3817 484 3886; x_wconf 55' lang='lat' dir='ltr'><strong>(m</strong></span> <span class='ocrx_word' id='word_1_345' title='bbox 517 3819 535 3868; x_wconf 70' lang='lat' dir='ltr'>C</span> <span class='ocrx_word' id='word_1_346' title='bbox 601 3817 678 3869; x_wconf 60' lang='grc' dir='ltr'><strong>1Ηὸ</strong></span> <span class='ocrx_word' id='word_1_347' title='bbox 1023 3748 1137 3813; x_wconf 91' lang='lat' dir='ltr'><strong>Paulus</strong></span> <span class='ocrx_word' id='word_1_348' title='bbox 1154 3770 1215 3813; x_wconf 92' lang='lat' dir='ltr'><strong>non</strong></span> <span class='ocrx_word' id='word_1_349' title='bbox 1243 3770 1276 3813; x_wconf 91' lang='lat' dir='ltr'><strong>se</strong></span> <span class='ocrx_word' id='word_1_350' title='bbox 1310 3751 1462 3814; x_wconf 88' lang='lat' dir='ltr'><strong>doctorem</strong></span> <span class='ocrx_word' id='word_1_351' title='bbox 1491 3755 1623 3830; x_wconf 82' lang='lat' dir='ltr'><strong>gentium</strong></span> <span class='ocrx_word' id='word_1_352' title='bbox 1678 3774 1680 3929; x_wconf 31' lang='grc' dir='ltr'>ι</span> 
     </span>
     <span class='ocr_line' id='line_1_40' title="bbox 491 3833 690 3878; baseline 0.01 -12"><span class='ocrx_word' id='word_1_353' title='bbox 491 3855 496 3866; x_wconf 95' lang='grc'><em>.</em></span> <span class='ocrx_word' id='word_1_354' title='bbox 538 3833 576 3868; x_wconf 91' lang='lat' dir='ltr'><strong>or.</strong></span> <span class='ocrx_word' id='word_1_355' title='bbox 627 3853 634 3878; x_wconf 90' lang='lat'><strong>,</strong></span> <span class='ocrx_word' id='word_1_356' title='bbox 684 3855 690 3868; x_wconf 91' lang='lat'><em>.</em></span> 
     </span>
     <span class='ocr_line' id='line_1_41' title="bbox 417 3885 985 3950; baseline 0 -16"><span class='ocrx_word' id='word_1_357' title='bbox 417 3890 454 3950; x_wconf 66' lang='grc' dir='ltr'><strong>(ἓ)</strong></span> <span class='ocrx_word' id='word_1_358' title='bbox 473 3885 513 3935; x_wconf 85' lang='lat' dir='ltr'><strong>Cf.</strong></span> <span class='ocrx_word' id='word_1_359' title='bbox 523 3885 696 3936; x_wconf 85' lang='lat' dir='ltr'><strong>Sulmoronem</strong></span> <span class='ocrx_word' id='word_1_360' title='bbox 710 3888 799 3946; x_wconf 80' lang='lat' dir='ltr'><strong>otrpot.</strong></span> <span class='ocrx_word' id='word_1_361' title='bbox 813 3887 837 3934; x_wconf 87' lang='lat' dir='ltr'><strong>in</strong></span> <span class='ocrx_word' id='word_1_362' title='bbox 849 3889 919 3948; x_wconf 84' lang='lat' dir='ltr'><strong>eplel.</strong></span> <span class='ocrx_word' id='word_1_363' title='bbox 934 3889 985 3934; x_wconf 78' lang='lat' dir='ltr'><strong>illut</strong></span> 
     </span>
     <span class='ocr_line' id='line_1_42' title="bbox 384 3947 1634 4018; baseline -0.003 -15"><span class='ocrx_word' id='word_1_364' title='bbox 384 3955 469 4013; x_wconf 83' lang='lat' dir='ltr'><strong>Ponti,</strong></span> <span class='ocrx_word' id='word_1_365' title='bbox 489 3957 609 4013; x_wconf 78' lang='lat' dir='ltr'><strong>tumlti,</strong></span> <span class='ocrx_word' id='word_1_366' title='bbox 627 3953 737 4018; x_wconf 81' lang='lat' dir='ltr'><strong>displ‘l</strong></span> <span class='ocrx_word' id='word_1_367' title='bbox 755 3953 781 4000; x_wconf 91' lang='lat' dir='ltr'><strong>in</strong></span> <span class='ocrx_word' id='word_1_368' title='bbox 800 3967 856 4018; x_wconf 85' lang='lat' dir='ltr'><strong>cap.</strong></span> <span class='ocrx_word' id='word_1_369' title='bbox 881 3957 923 4014; x_wconf 69' lang='lat' dir='ltr'><strong>lb,</strong></span> <span class='ocrx_word' id='word_1_370' title='bbox 941 3968 984 4018; x_wconf 89' lang='lat' dir='ltr'><strong>ep.</strong></span> <span class='ocrx_word' id='word_1_371' title='bbox 1058 3948 1097 4014; x_wconf 78' lang='lat' dir='ltr'><strong>(t)</strong></span> <span class='ocrx_word' id='word_1_372' title='bbox 1116 3947 1148 4000; x_wconf 90' lang='lat' dir='ltr'><strong>V.</strong></span> <span class='ocrx_word' id='word_1_373' title='bbox 1170 3953 1213 4000; x_wconf 72' lang='lat'><strong>26.</strong></span> <span class='ocrx_word' id='word_1_374' title='bbox 1241 3947 1375 4001; x_wconf 76' lang='lat' dir='ltr'><strong>Praeclare</strong></span> <span class='ocrx_word' id='word_1_375' title='bbox 1404 3950 1634 4003; x_wconf 70' lang='lat' dir='ltr'><strong>bellarminum</strong></span> 
     </span>
     <span class='ocr_line' id='line_1_43' title="bbox 383 4013 1624 4084; baseline -0.002 -14"><span class='ocrx_word' id='word_1_376' title='bbox 383 4020 414 4070; x_wconf 87' lang='lat' dir='ltr'><strong>od</strong></span> <span class='ocrx_word' id='word_1_377' title='bbox 436 4018 563 4070; x_wconf 80' lang='lat' dir='ltr'><strong>Hebraeos</strong></span> <span class='ocrx_word' id='word_1_378' title='bbox 586 4018 628 4068; x_wconf 84' lang='lat' dir='ltr'><strong>cd.</strong></span> <span class='ocrx_word' id='word_1_379' title='bbox 652 4019 741 4070; x_wconf 89' lang='lat' dir='ltr'><strong>Colon.</strong></span> <span class='ocrx_word' id='word_1_380' title='bbox 766 4034 824 4084; x_wconf 82' lang='lat' dir='ltr'><strong>pag.</strong></span> <span class='ocrx_word' id='word_1_381' title='bbox 851 4023 917 4079; x_wconf 79' lang='lat' dir='ltr'><strong>tto,</strong></span> <span class='ocrx_word' id='word_1_382' title='bbox 940 4019 984 4070; x_wconf 88' lang='lat' dir='ltr'><strong>ubi</strong></span> <span class='ocrx_word' id='word_1_383' title='bbox 1025 4014 1091 4066; x_wconf 89' lang='lat' dir='ltr'><strong>bunc</strong></span> <span class='ocrx_word' id='word_1_384' title='bbox 1108 4013 1283 4068; x_wconf 86' lang='lat' dir='ltr'><strong>difficultatem</strong></span> <span class='ocrx_word' id='word_1_385' title='bbox 1311 4017 1458 4070; x_wconf 84' lang='lat' dir='ltr'><strong>solvendam</strong></span> <span class='ocrx_word' id='word_1_386' title='bbox 1478 4021 1527 4070; x_wconf 90' lang='lat' dir='ltr'><strong>boc</strong></span> <span class='ocrx_word' id='word_1_387' title='bbox 1545 4036 1624 4069; x_wconf 83' lang='lat' dir='ltr'><strong>enem-</strong></span> 
     </span>
     <span class='ocr_line' id='line_1_44' title="bbox 383 4083 1678 4149; baseline 0.001 -13"><span class='ocrx_word' id='word_1_388' title='bbox 383 4094 465 4136; x_wconf 84' lang='lat' dir='ltr'><strong>totum</strong></span> <span class='ocrx_word' id='word_1_389' title='bbox 496 4085 545 4135; x_wconf 83' lang='lat' dir='ltr'><strong>boc</strong></span> <span class='ocrx_word' id='word_1_390' title='bbox 571 4084 715 4136; x_wconf 79' lang='lat' dir='ltr'><strong>Hieremiae</strong></span> <span class='ocrx_word' id='word_1_391' title='bbox 742 4084 892 4136; x_wconf 72' lang='lat' dir='ltr'><strong>vaticinium</strong></span> <span class='ocrx_word' id='word_1_392' title='bbox 911 4085 985 4136; x_wconf 80' lang='lat' dir='ltr'><strong>docte</strong></span> <span class='ocrx_word' id='word_1_393' title='bbox 1026 4084 1067 4149; x_wconf 90' lang='lat' dir='ltr'><strong>plo</strong></span> <span class='ocrx_word' id='word_1_394' title='bbox 1086 4084 1182 4133; x_wconf 82' lang='lat' dir='ltr'><strong>utitur:</strong></span> <span class='ocrx_word' id='word_1_395' title='bbox 1205 4083 1366 4149; x_wconf 79' lang='lat' dir='ltr'><strong>«Quomodo</strong></span> <span class='ocrx_word' id='word_1_396' title='bbox 1384 4087 1404 4136; x_wconf 86' lang='lat' dir='ltr'><strong>si</strong></span> <span class='ocrx_word' id='word_1_397' title='bbox 1422 4089 1564 4137; x_wconf 84' lang='lat' dir='ltr'><strong>catholicus</strong></span> <span class='ocrx_word' id='word_1_398' title='bbox 1578 4087 1622 4134; x_wconf 85' lang='lat' dir='ltr'><strong>ali·</strong></span> <span class='ocrx_word' id='word_1_399' title='bbox 1677 4084 1678 4137; x_wconf 66' lang='lat' dir='ltr'><strong>ff</strong></span> 
     </span>
     <span class='ocr_line' id='line_1_45' title="bbox 384 4142 1678 4220; baseline 0.003 -22"><span class='ocrx_word' id='word_1_400' title='bbox 384 4151 496 4218; x_wconf 79' lang='lat' dir='ltr'><strong>exponit,</strong></span> <span class='ocrx_word' id='word_1_401' title='bbox 515 4151 702 4220; x_wconf 80' lang='lat' dir='ltr'><strong>confunditque</strong></span> <span class='ocrx_word' id='word_1_402' title='bbox 728 4152 870 4202; x_wconf 87' lang='lat' dir='ltr'><strong>haereticos</strong></span> <span class='ocrx_word' id='word_1_403' title='bbox 894 4169 923 4203; x_wconf 90' lang='lat' dir='ltr'><strong>co</strong></span> <span class='ocrx_word' id='word_1_404' title='bbox 941 4153 985 4203; x_wconf 90' lang='lat' dir='ltr'><strong>ab·</strong></span> <span class='ocrx_word' id='word_1_405' title='bbox 1025 4151 1084 4216; x_wconf 80' lang='lat' dir='ltr'><strong>quis</strong></span> <span class='ocrx_word' id='word_1_406' title='bbox 1100 4150 1224 4202; x_wconf 89' lang='lat' dir='ltr'><strong>scriberet</strong></span> <span class='ocrx_word' id='word_1_407' title='bbox 1246 4151 1395 4216; x_wconf 74' lang='lat' dir='ltr'><strong>catholicis,</strong></span> <span class='ocrx_word' id='word_1_408' title='bbox 1421 4155 1466 4220; x_wconf 93' lang='lat' dir='ltr'><strong>qui</strong></span> <span class='ocrx_word' id='word_1_409' title='bbox 1485 4154 1518 4203; x_wconf 88' lang='lat' dir='ltr'><strong>ab</strong></span> <span class='ocrx_word' id='word_1_410' title='bbox 1536 4155 1623 4203; x_wconf 78' lang='lat' dir='ltr'><strong>linero-</strong></span> <span class='ocrx_word' id='word_1_411' title='bbox 1677 4142 1678 4209; x_wconf 71' lang='lat' dir='ltr'><strong>l</strong></span> 
     </span>
     <span class='ocr_line' id='line_1_46' title="bbox 384 4217 1622 4286; baseline -0.003 -15"><span class='ocrx_word' id='word_1_412' title='bbox 384 4229 496 4271; x_wconf 75' lang='lat' dir='ltr'><strong>utentes.</strong></span> <span class='ocrx_word' id='word_1_413' title='bbox 1026 4218 1083 4267; x_wconf 85' lang='lat' dir='ltr'><strong>ticio</strong></span> <span class='ocrx_word' id='word_1_414' title='bbox 1105 4217 1306 4278; x_wconf 88' lang='lat' dir='ltr'><strong>obsiderentur,</strong></span> <span class='ocrx_word' id='word_1_415' title='bbox 1343 4228 1369 4269; x_wconf 91' lang='lat' dir='ltr'><strong>et</strong></span> <span class='ocrx_word' id='word_1_416' title='bbox 1395 4222 1622 4286; x_wconf 76' lang='lat' dir='ltr'><strong>perturbarentur:</strong></span> 
     </span>
     <span class='ocr_line' id='line_1_47' title="bbox 420 4283 1623 4355; baseline -0.002 -17"><span class='ocrx_word' id='word_1_417' title='bbox 420 4288 458 4355; x_wconf 76' lang='grc' dir='ltr'><strong>(ὅ)</strong></span> <span class='ocrx_word' id='word_1_418' title='bbox 476 4285 518 4335; x_wconf 88' lang='lat' dir='ltr'><strong>Cl.</strong></span> <span class='ocrx_word' id='word_1_419' title='bbox 538 4285 681 4336; x_wconf 81' lang='lat' dir='ltr'><strong>Saluterou.</strong></span> <span class='ocrx_word' id='word_1_420' title='bbox 700 4283 764 4336; x_wconf 85' lang='lat' dir='ltr'><strong>ibid.</strong></span> <span class='ocrx_word' id='word_1_421' title='bbox 782 4283 840 4335; x_wconf 84' lang='lat' dir='ltr'><strong>Post</strong></span> <span class='ocrx_word' id='word_1_422' title='bbox 856 4283 920 4336; x_wconf 86' lang='lat' dir='ltr'><strong>hacc</strong></span> <span class='ocrx_word' id='word_1_423' title='bbox 939 4286 986 4336; x_wconf 88' lang='lat' dir='ltr'><strong>mi·</strong></span> <span class='ocrx_word' id='word_1_424' title='bbox 1026 4284 1081 4334; x_wconf 77' lang='lat' dir='ltr'><strong>lton</strong></span> <span class='ocrx_word' id='word_1_425' title='bbox 1097 4300 1200 4335; x_wconf 87' lang='lat' dir='ltr'><strong>neccsse</strong></span> <span class='ocrx_word' id='word_1_426' title='bbox 1220 4285 1318 4334; x_wconf 81' lang='lat' dir='ltr'><strong>habetis</strong></span> <span class='ocrx_word' id='word_1_427' title='bbox 1325 4320 1333 4347; x_wconf 92' lang='lat'><strong>,</strong></span> <span class='ocrx_word' id='word_1_428' title='bbox 1353 4297 1380 4336; x_wconf 89' lang='lat' dir='ltr'><strong>ut</strong></span> <span class='ocrx_word' id='word_1_429' title='bbox 1398 4288 1491 4353; x_wconf 84' lang='lat' dir='ltr'><strong>aliquis</strong></span> <span class='ocrx_word' id='word_1_430' title='bbox 1512 4289 1623 4339; x_wconf 86' lang='lat' dir='ltr'><strong>luthera-</strong></span> 
     </span>
     <span class='ocr_line' id='line_1_48' title="bbox 385 4350 1623 4419; baseline 0 -17"><span class='ocrx_word' id='word_1_431' title='bbox 385 4369 443 4404; x_wconf 84' lang='lat' dir='ltr'><strong>rnru</strong></span> <span class='ocrx_word' id='word_1_432' title='bbox 461 4362 520 4411; x_wconf 89' lang='lat' dir='ltr'><strong>est,</strong></span> <span class='ocrx_word' id='word_1_433' title='bbox 539 4354 580 4403; x_wconf 83' lang='lat' dir='ltr'><strong>uel</strong></span> <span class='ocrx_word' id='word_1_434' title='bbox 602 4353 685 4419; x_wconf 87' lang='lat' dir='ltr'><strong>ipsum</strong></span> <span class='ocrx_word' id='word_1_435' title='bbox 711 4353 789 4404; x_wconf 88' lang='lat' dir='ltr'><strong>llinet</strong></span> <span class='ocrx_word' id='word_1_436' title='bbox 817 4353 842 4402; x_wconf 87' lang='lat' dir='ltr'><strong>in</strong></span> <span class='ocrx_word' id='word_1_437' title='bbox 871 4369 914 4419; x_wconf 91' lang='lat' dir='ltr'><strong>op.</strong></span> <span class='ocrx_word' id='word_1_438' title='bbox 939 4354 983 4404; x_wconf 87' lang='lat' dir='ltr'><strong>cit.</strong></span> <span class='ocrx_word' id='word_1_439' title='bbox 1026 4361 1135 4402; x_wconf 81' lang='lat' dir='ltr'><strong>nunaut</strong></span> <span class='ocrx_word' id='word_1_440' title='bbox 1159 4353 1293 4404; x_wconf 80' lang='lat' dir='ltr'><strong>calvinista</strong></span> <span class='ocrx_word' id='word_1_441' title='bbox 1311 4350 1400 4405; x_wconf 84' lang='lat' dir='ltr'><strong>doceat</strong></span> <span class='ocrx_word' id='word_1_442' title='bbox 1419 4372 1463 4405; x_wconf 84' lang='lat' dir='ltr'><strong>vos</strong></span> <span class='ocrx_word' id='word_1_443' title='bbox 1487 4354 1623 4406; x_wconf 88' lang='lat' dir='ltr'><strong>doctrinam</strong></span> 
     </span>
     <span class='ocr_line' id='line_1_49' title="bbox 383 4417 1623 4488; baseline -0.004 -15"><span class='ocrx_word' id='word_1_444' title='bbox 383 4421 457 4473; x_wconf 77' lang='lat' dir='ltr'><strong>Hunni</strong></span> <span class='ocrx_word' id='word_1_445' title='bbox 470 4419 555 4470; x_wconf 87' lang='lat' dir='ltr'><strong>adbuc</strong></span> <span class='ocrx_word' id='word_1_446' title='bbox 569 4421 683 4472; x_wconf 83' lang='lat' dir='ltr'><strong>insistere</strong></span> <span class='ocrx_word' id='word_1_447' title='bbox 695 4421 736 4471; x_wconf 89' lang='lat' dir='ltr'><strong>bis</strong></span> <span class='ocrx_word' id='word_1_448' title='bbox 748 4419 857 4470; x_wconf 84' lang='lat' dir='ltr'><strong>tentibus</strong></span> <span class='ocrx_word' id='word_1_449' title='bbox 869 4419 985 4472; x_wconf 89' lang='lat' dir='ltr'><strong>adsuum</strong></span> <span class='ocrx_word' id='word_1_450' title='bbox 1025 4417 1130 4469; x_wconf 80' lang='lat' dir='ltr'><strong>Clrristi.</strong></span> <span class='ocrx_word' id='word_1_451' title='bbox 1155 4417 1264 4470; x_wconf 88' lang='lat' dir='ltr'><strong>Omnino</strong></span> <span class='ocrx_word' id='word_1_452' title='bbox 1289 4420 1378 4481; x_wconf 90' lang='lat' dir='ltr'><strong>euim,</strong></span> <span class='ocrx_word' id='word_1_453' title='bbox 1401 4439 1467 4488; x_wconf 88' lang='lat' dir='ltr'><strong>quae</strong></span> <span class='ocrx_word' id='word_1_454' title='bbox 1495 4438 1538 4472; x_wconf 88' lang='lat' dir='ltr'><strong>vos</strong></span> <span class='ocrx_word' id='word_1_455' title='bbox 1559 4424 1623 4471; x_wconf 84' lang='lat' dir='ltr'><strong>scire</strong></span> 
     </span>
     <span class='ocr_line' id='line_1_50' title="bbox 384 4485 1625 4553; baseline -0.002 -15"><span class='ocrx_word' id='word_1_456' title='bbox 384 4487 572 4540; x_wconf 86' lang='lat' dir='ltr'><strong>subiiciendurn</strong></span> <span class='ocrx_word' id='word_1_457' title='bbox 584 4497 692 4553; x_wconf 79' lang='lat' dir='ltr'><strong>systema</strong></span> <span class='ocrx_word' id='word_1_458' title='bbox 711 4491 743 4538; x_wconf 90' lang='lat' dir='ltr'><strong>de</strong></span> <span class='ocrx_word' id='word_1_459' title='bbox 756 4487 902 4538; x_wconf 77' lang='lat' dir='ltr'><strong>convictione</strong></span> <span class='ocrx_word' id='word_1_460' title='bbox 919 4492 986 4539; x_wconf 83' lang='lat' dir='ltr'><strong>iudi·</strong></span> <span class='ocrx_word' id='word_1_461' title='bbox 1025 4494 1159 4552; x_wconf 86' lang='lat' dir='ltr'><strong>oporteat,</strong></span> <span class='ocrx_word' id='word_1_462' title='bbox 1189 4487 1239 4537; x_wconf 88' lang='lat' dir='ltr'><strong>ium</strong></span> <span class='ocrx_word' id='word_1_463' title='bbox 1256 4485 1403 4552; x_wconf 85' lang='lat' dir='ltr'><strong>didicistis,</strong></span> <span class='ocrx_word' id='word_1_464' title='bbox 1433 4500 1458 4539; x_wconf 84' lang='lat' dir='ltr'><strong>et</strong></span> <span class='ocrx_word' id='word_1_465' title='bbox 1488 4490 1577 4540; x_wconf 86' lang='lat' dir='ltr'><strong>tenetis</strong></span> <span class='ocrx_word' id='word_1_466' title='bbox 1596 4504 1625 4537; x_wconf 80' lang='lat' dir='ltr'><strong>on</strong></span> 
     </span>
     <span class='ocr_line' id='line_1_51' title="bbox 385 4551 1677 4621; baseline -0.002 -15"><span class='ocrx_word' id='word_1_467' title='bbox 385 4559 490 4615; x_wconf 82' lang='lat' dir='ltr'><strong>viduali,</strong></span> <span class='ocrx_word' id='word_1_468' title='bbox 503 4572 546 4606; x_wconf 88' lang='lat' dir='ltr'><strong>seu</strong></span> <span class='ocrx_word' id='word_1_469' title='bbox 561 4557 667 4621; x_wconf 84' lang='lat' dir='ltr'><strong>spiritus</strong></span> <span class='ocrx_word' id='word_1_470' title='bbox 679 4555 783 4620; x_wconf 85' lang='lat' dir='ltr'><strong>privati.</strong></span> <span class='ocrx_word' id='word_1_471' title='bbox 1027 4551 1215 4620; x_wconf 83' lang='lat' dir='ltr'><strong>praedicatione</strong></span> <span class='ocrx_word' id='word_1_472' title='bbox 1239 4554 1382 4615; x_wconf 80' lang='lat' dir='ltr'><strong>ecclcsiae,</strong></span> <span class='ocrx_word' id='word_1_473' title='bbox 1413 4555 1550 4606; x_wconf 84' lang='lat' dir='ltr'><strong>adiuvante</strong></span> <span class='ocrx_word' id='word_1_474' title='bbox 1577 4571 1625 4604; x_wconf 88' lang='lat' dir='ltr'><strong>un·</strong></span> <span class='ocrx_word' id='word_1_475' title='bbox 1676 4606 1677 4615; x_wconf 51' lang='lat'><strong>,</strong></span> 
     </span>
     <span class='ocr_line' id='line_1_52' title="bbox 420 4620 1677 4689; baseline -0.004 -13"><span class='ocrx_word' id='word_1_476' title='bbox 420 4627 458 4687; x_wconf 71' lang='lat' dir='ltr'><strong>tlt)</strong></span> <span class='ocrx_word' id='word_1_477' title='bbox 476 4623 563 4674; x_wconf 87' lang='lat' dir='ltr'><strong>&#39;l&#39;roct.</strong></span> <span class='ocrx_word' id='word_1_478' title='bbox 582 4623 616 4674; x_wconf 89' lang='grc' dir='ltr'><strong>ΙΙΙ</strong></span> <span class='ocrx_word' id='word_1_479' title='bbox 637 4625 692 4674; x_wconf 87' lang='lat' dir='ltr'><strong>inl</strong></span> <span class='ocrx_word' id='word_1_480' title='bbox 720 4623 796 4689; x_wconf 83' lang='lat' dir='ltr'><strong>epist.</strong></span> <span class='ocrx_word' id='word_1_481' title='bbox 820 4620 940 4685; x_wconf 85' lang='lat' dir='ltr'><strong>loannis,</strong></span> <span class='ocrx_word' id='word_1_482' title='bbox 958 4637 986 4672; x_wconf 82' lang='lat' dir='ltr'><strong>v.</strong></span> <span class='ocrx_word' id='word_1_483' title='bbox 1027 4623 1111 4670; x_wconf 87' lang='lat' dir='ltr'><strong>ctione</strong></span> <span class='ocrx_word' id='word_1_484' title='bbox 1129 4621 1241 4685; x_wconf 80' lang='lat' dir='ltr'><strong>Spiritus</strong></span> <span class='ocrx_word' id='word_1_485' title='bbox 1259 4623 1377 4684; x_wconf 78' lang='lat' dir='ltr'><strong>soncti‚»</strong></span> <span class='ocrx_word' id='word_1_486' title='bbox 1402 4622 1484 4674; x_wconf 68' lang='lat' dir='ltr'><strong>lituo</strong></span> <span class='ocrx_word' id='word_1_487' title='bbox 1507 4628 1533 4674; x_wconf 79' lang='lat' dir='ltr'><strong>cle</strong></span> <span class='ocrx_word' id='word_1_488' title='bbox 1560 4623 1629 4671; x_wconf 45' lang='lat' dir='ltr'><strong>verb,</strong></span> <span class='ocrx_word' id='word_1_489' title='bbox 1676 4642 1677 4655; x_wconf 56' lang='grc' dir='ltr'>ι</span> 
     </span>
     <span class='ocr_line' id='line_1_53' title="bbox 385 4688 1322 4754; baseline -0.002 -14"><span class='ocrx_word' id='word_1_490' title='bbox 385 4694 414 4741; x_wconf 82' lang='grc' dir='ltr'>Η</span> <span class='ocrx_word' id='word_1_491' title='bbox 429 4718 459 4728; x_wconf 91' lang='grc'>-</span> <span class='ocrx_word' id='word_1_492' title='bbox 475 4696 515 4742; x_wconf 73' lang='lat' dir='ltr'><strong>tt.</strong></span> <span class='ocrx_word' id='word_1_493' title='bbox 1028 4688 1084 4751; x_wconf 74' lang='lat' dir='ltr'><strong>Det,</strong></span> <span class='ocrx_word' id='word_1_494' title='bbox 1103 4703 1160 4754; x_wconf 83' lang='lat' dir='ltr'><strong>cup.</strong></span> <span class='ocrx_word' id='word_1_495' title='bbox 1178 4693 1218 4752; x_wconf 86' lang='lat'><strong>10,</strong></span> <span class='ocrx_word' id='word_1_496' title='bbox 1237 4703 1260 4736; x_wconf 82' lang='lat' dir='ltr'><strong>a.</strong></span> <span class='ocrx_word' id='word_1_497' title='bbox 1280 4693 1322 4738; x_wconf 62' lang='grc' dir='ltr'><strong>ἢ.</strong></span> 
     </span>
    </p>
   </div>
   <div class='ocr_carea' id='block_1_4' title="bbox 0 0 1874 5659">
    <p class='ocr_par' dir='ltr' id='par_1_4' title="bbox 0 0 1874 5659">
     <span class='ocr_line' id='line_1_54' title="bbox 0 0 1874 5659; baseline 0 0"><span class='ocrx_word' id='word_1_498' title='bbox 0 0 1874 5659; x_wconf 95' lang='lat' dir='ltr'><strong> </strong></span> 
     </span>
    </p>
   </div>
  </div>
 </body>
</html>
