3700 5659
795 468 891 515 onear
917 469 949 514 v.
1394 461 1457 524 253

242 566 325 628 ciete
341 569 544 646 praeceptum,
562 557 641 639 quod
661 577 721 618 non
740 557 849 640 imple·
889 561 1022 623 siderari
1033 570 1139 641 potest:
1150 581 1209 626 eino
1226 567 1322 642 meda,
1335 572 1497 635 secuudum

244 659 298 711 tur
321 647 377 709 uisi
402 665 454 726 per
478 654 562 706 actus
590 644 726 723 proprius
746 652 776 704 et
797 662 850 704 or·
890 648 968 723 peut
985 648 1165 725 estquidam
1183 658 1266 711 oeteis
1279 668 1334 728 per
1346 669 1387 724 se,
1400 662 1428 714 et
1444 655 1497 718 loe

170 787 172 794 .
245 751 372 814 pressos
390 729 506 790 divinae
525 725 669 788 caritatis.
890 730 976 789 modo
995 730 1073 789 cudit
1091 733 1146 791 snb
1158 742 1310 810 praecepto
1322 736 1407 814 lepis,
1418 740 1497 814 puna

291 816 367 876 eat.
382 813 506 891 Insuper
521 809 573 871 bei
585 807 705 870 dilectio
717 827 749 870 se
761 809 851 870 habet
891 812 926 871 de
943 811 996 874 ltoc
1010 813 1177 890 specialiter
1191 817 1293 890 detur,
1308 820 1427 880 scilieet:
1445 822 1497 884 m.

248 897 289 961 ad
306 908 408 960 cetera
429 895 586 970 mandata,
606 893 650 952 uti
673 893 849 973 principium
891 895 965 972 lipes
985 895 1144 958 Durnirtum
1164 899 1257 960 Deam
1273 908 1370 978 terem,
1386 911 1426 965 et:
1438 905 1494 966 Di-

248 981 289 1043 ad
307 1001 363 1042 sue
381 978 556 1051 corollaria3
579 995 645 1037 uem
665 975 716 1036 Dei
732 977 851 1038 dilectio
892 980 1146 1057 lipesprocimam
1162 989 1247 1043 tetum
1262 982 1323 1062 (9.).
1470 1034 1472 1039 .

247 1073 297 1126 est
317 1065 393 1126 ratio
414 1070 533 1142 propter
548 1079 637 1140 quarn
651 1071 750 1120 cetera
765 1079 851 1120 mau-
935 1063 1008 1124 236.
1022 1061 1132 1124 Verum
1149 1065 1230 1144 quod
1242 1085 1361 1128 omnem
1377 1078 1495 1133 amovet

247 1148 324 1210 data
348 1146 500 1209 obseruari
523 1144 643 1204 debent.
665 1143 716 1203 Ast
739 1143 852 1223 princi·
892 1142 1130 1223 dubitationem,
1171 1148 1250 1208 baud
1281 1169 1395 1230 paucae
1424 1162 1494 1216 sunt

247 1232 350 1312 pium,
374 1229 491 1291 etiamsi
509 1226 676 1288 necessario
696 1227 853 1288 cohaereat
893 1229 1113 1308 propositiones
1136 1230 1191 1291 bac
1215 1250 1306 1313 super
1327 1251 1360 1294 re
1379 1253 1396 1295 a
1415 1253 1492 1300 rom.

247 1333 321 1375 cum
342 1315 405 1376 suis
427 1310 692 1391 consequentibus,
716 1328 851 1371 seorsuur
894 1312 1083 1390 pontificibus
1102 1312 1270 1376 damnatae.
1294 1313 1368 1377 Sunt
1392 1329 1493 1382 autem
1579 1341 1586 1356 ·

249 1407 356 1458 tamen
374 1397 416 1457 ab'
435 1396 472 1455 iis
496 1393 663 1473 concipitur
688 1401 717 1453 et
741 1394 850 1454 existit.
896 1397 925 1452 l·
938 1395 1016 1456 iuter
1027 1395 1181 1457 damnatas
1199 1398 1236 1458 ab
1253 1399 1417 1461 blenaudro
1432 1401 1491 1481 vlt,

248 1481 333 1556 Ergo
355 1479 491 1561 quamvis
506 1478 558 1538 bei
577 1475 696 1537 dilectio
712 1495 778 1537 esse
794 1496 852 1538 nou
894 1475 942 1537 bis
956 1479 1055 1540 verbis
1067 1498 1221 1559 expressa:
1238 1482 1331 1542 Herna
1343 1485 1425 1545 atella
1437 1505 1495 1548 aa·

249 1565 350 1644 possit
375 1565 445 1626 sine
474 1561 680 1621 mutilatorum
711 1561 853 1622 observa·
893 1563 1495 1641 prarmeitaesnoetemporetenetnrelice-

250 1649 358 1723 tione,
378 1657 467 1725 atque
494 1645 550 1705 boc
574 1663 663 1704 sensu
692 1654 772 1704 recte
795 1643 853 1704 dici
893 1661 926 1703 re
943 1654 1040 1706 actttm
1049 1647 1130 1724 fidei,
1144 1648 1204 1725 spei
1218 1657 1245 1708 et
1261 1651 1395 1711 caritatis
1413 1669 1452 1712 ee
1465 1655 1495 1715 oi

248 1740 346 1810 queat
367 1729 505 1808 generale
524 1735 725 1807 praeceptura,
746 1736 791 1787 est
807 1737 852 1788 to·
890 1731 1493 1805 praeceptorumilicinarnetudeasoirtn·

251 1834 324 1873 nren
344 1815 472 1894 speciale
491 1811 638 1886 debiturn,
657 1811 787 1891 speciale
805 1811 852 1871 ol·
894 1813 1168 1890 tespertiaentlnm.
1184 1815 1228 1873 Ab
1241 1813 1493 1880 innocentiorem

244 1898 376 1971 ficium,
393 1895 473 1974 qnod
500 1895 624 1975 proinde
647 1913 700 1974 per
716 1895 853 1974 proprios
894 1892 930 1954 Xl
944 1907 1002 1956 tres
1015 1896 1207 1976 insequentes
1220 1899 1493 1979 proscriptaesunt,

251 1994 340 2041 actius
368 1979 492 2060 persolvi
515 1979 621 2052 debet;
642 1996 711 2054 ergo
735 1979 852 2038 etiuursi
893 1979 1007 2039 scilicet
1021 1997 1054 2038 v:
1076 1981 1125 2040 Aa
1138 1990 1233 2057 peccet
1248 1983 1427 2057 mortaliter,
1442 1987 1495 2062 pai

250 2065 437 2124 christianus
454 2073 553 2122 cetera
575 2070 732 2141 praccepta
754 2061 854 2122 omniu
893 2071 991 2122 actum
1010 2063 1175 2123 dilectionis
1193 2064 1247 2125 Dei
1265 2065 1352 2125 semel
1374 2074 1494 2130 tantam

250 2147 480 2208 accuratissime
492 2146 639 2219 observet,
654 2144 853 2205 minimebuic
893 2145 925 2203 iu
944 2146 1005 2205 citu
1017 2146 1142 2219 eliceret,
1158 2149 1354 2210 coirdemaure
1366 2166 1426 2209 non
1441 2168 1495 2210 art·

253 2231 386 2291 mnxiruo
400 2229 538 2290 nrarrdato
553 2247 585 2289 se
599 2228 779 2288 satisfecisse
795 2230 853 2287 eni·
892 2230 1005 2288 tlemrts.
1019 2247 1062 2289 vt:
1079 2230 1231 2290 Probabile
1245 2239 1297 2304 est,
1314 2248 1350 2297 ae
1362 2232 1493 2311 sinpnlie

252 2315 368 2383 stimet,
389 2313 445 2372 nisi
461 2312 634 2386 identidem,
652 2321 681 2370 et
699 2310 853 2372 indebitis
892 2313 1008 2388 pnitletn
1028 2315 1161 2392 riporose
1175 2315 1386 2390 prtiepuerenit's
1398 2334 1453 2394 per
1465 2334 1496 2378 se

252 2397 405 2458 adiunctis
420 2415 452 2456 se
463 2396 499 2456 ed
516 2395 632 2454 divinae
651 2394 792 2454 bonitatis
805 2414 854 2455 co·
893 2395 1026 2474 eblipure
1051 2406 1240 2474 praeceptam
1264 2399 1398 2458 caritatis
1423 2417 1496 2480 erpa

252 2477 428 2557 gitatiuuem
453 2489 620 2554 corruerunt,
640 2497 767 2557 eamque
788 2478 853 2538 siu·
898 2477 1008 2553 lteram,
1029 2487 1059 2539 et
1077 2496 1131 2540 vu:
1157 2481 1238 2541 Tuae
1260 2480 1356 2541 solam
1373 2483 1494 2562 oblipat‚

252 2563 852 2644 cerisdilectionisuctibusprosequetur.
895 2564 1015 2637 pontiado
1036 2571 1172 2624 tenemur
1192 2564 1369 2640 iustificari,
1390 2575 1417 2626 et
1436 2584 1497 2627 iren

296 2647 371 2708 235.
419 2645 500 2706 Hane
532 2645 655 2705 eandem
689 2643 852 2705 doctrinam
895 2646 1497 2726 babemusuliumoium,prteiastifia'i

254 2731 348 2791 tradit
363 2729 514 2806 angelicus
527 2730 630 2790 doctor
641 2727 793 2797 scribens:
807 2731 855 2791 tt'-
891 2729 1051 2805 possimus.
1068 2728 1191 2788 [ternum
1205 2729 1243 2788 ab
1255 2728 1421 2790 Alexandro
1433 2730 1497 2793 Vlil

253 2817 306 2875 nis
323 2814 489 2892 spiritualis
507 2815 650 2882 interest,
671 2821 706 2872 ut
720 2811 804 2872 borne
817 2831 853 2872 n-
895 2811 1059 2889 propositio
1079 2811 1136 2870 sub
1155 2830 1186 2870 u.
1208 2814 1242 2871 l:
1263 2811 1388 2889 Sufficit,
1410 2823 1442 2874 ut
1459 2833 1495 2875 a·

252 2899 365 2959 alatne
384 2899 457 2966 lle0;
478 2897 555 2973 qnod
571 2898 602 2974 pit
619 2912 673 2974 prr
690 2897 856 2968 cecitatem
895 2904 958 2953 ctas
970 2894 1091 2955 moralis
1103 2895 1200 2954 tendat
1214 2894 1247 2954 in
1257 2894 1496 2970 finerrreltirrtnnt

252 2990 283 3042 et
304 2983 344 3043 ad
362 2982 414 3043 loc
430 2981 614 3041 ordinantur
626 2979 699 3039 sicut
713 2980 752 3040 ad
766 2979 855 3057 finem
898 2976 1034 3055 (lteunr)
1055 2977 1285 3056 iuterprelutice.
1306 2977 1394 3039 Hanc
1412 2979 1497 3042 trama

252 3066 370 3140 orrruiu,
391 3082 465 3142 peine
480 3063 631 3142 pertinent
653 3063 692 3122 ud
708 3063 852 3140 spirituo-
898 3078 956 3120 nim
976 3069 1094 3121 tenetur
1114 3078 1216 3122 amare
1234 3076 1324 3137 nepte
1349 3062 1382 3122 itt
1404 3064 1496 3141 pritt-

252 3147 311 3208 lcec
328 3151 428 3209 citurn.
444 3148 526 3209 ilerde
539 3156 564 3207 et
578 3147 727 3223 apostolor
742 3147 813 3207 dicit
829 3147 852 3206 l.
897 3145 989 3221 cipio,
1007 3160 1099 3221 nepae
1122 3145 1156 3204 ia
1180 3145 1305 3205 decrtrsn
1330 3145 1409 3206 vitae
1426 3164 1498 3210 suec

252 3233 295 3292 ad
311 3233 386 3292 Tine.
403 3231 429 3304 l,
448 3232 483 3292 5:
499 3231 584 3291 Finis
594 3230 744 3308 praecepti
759 3238 798 3289 cst
809 3245 856 3290 cu·
882 3227 1046 3295 ,ctortulis
1078 3224 1158 3297 Quas
1185 3228 1305 3307 quidem
1334 3231 1498 3293 sententies

252 3315 334 3376 ritas
358 3316 394 3376 cle
417 3315 503 3374 corde
526 3331 605 3393 pum
628 3321 653 3373 et
679 3313 856 3374 cotrscic-ntiu
899 3330 958 3371 non
972 3321 1030 3371 tem
1047 3311 1204 3391 opiniones
1215 3331 1304 3392 quam
1322 3315 1496 3394 opinionum

254 3398 331 3459 dorin
348 3407 376 3459 et
394 3400 451 3476 fide
466 3415 523 3457 non
539 3399 660 3476 ficta...
678 3396 715 3456 lte
729 3397 855 3475 pcntttet
900 3403 1033 3455 monstra
1048 3404 1128 3455 recte
1147 3395 1308 3456 vocaveris.

254 3491 354 3542 antem
374 3499 481 3561 praere
494 3481 536 3556 id,
557 3481 633 3556 peret
646 3488 687 3540 est
701 3497 755 3557 per
771 3497 800 3540 sc
813 3478 856 3553 (id
940 3478 1015 3537 23¹1.
1045 3476 1146 3556 Neque
1171 3478 1255 3538 deest
1278 3478 1353 3539 ratio
1376 3497 1411 3539 ex
1434 3479 1498 3558 ipse

253 3574 301 3624 est
321 3563 412 3625 babet
427 3564 572 3624 rationem
593 3560 678 3639 linis)
696 3564 793 3640 potius
814 3571 855 3623 est
900 3561 942 3620 rei
956 3571 1059 3620 natura
1070 3560 1172 3638 petita,
1187 3579 1263 3640 quae
1276 3560 1306 3620 id
1321 3561 1418 3640 ipsum
1430 3579 1498 3620 sua-

253 3664 305 3719 eu,
327 3650 404 3726 qttod
422 3657 462 3708 cst
480 3655 601 3725 propter
620 3645 703 3706 alind
711 3669 724 3718 ;
742 3654 767 3706 et
793 3646 857 3705 iden
899 3643 977 3703 deut.
998 3642 1113 3728 Etenim
1133 3643 1241 3704 caritas
1259 3662 1336 3722 qrrae
1354 3655 1435 3704 certe
1450 3653 1497 3705 est

254 3736 613 3810 mariarumpracceptum
625 3730 854 3803 estdecaritote,
898 3727 991 3786 virtus
1013 3735 1043 3786 et
1066 3726 1225 3806 praecipua
1244 3736 1273 3788 et
1291 3727 1419 3788 maxime
1437 3744 1492 3787 ne·

255 3823 289 3875 nt
316 3816 429 3878 dicitnr
450 3814 560 3877 Mattlt.
578 3829 634 3872 mu
654 3810 714 3889 (l).
736 3811 775 3872 Ex
792 3812 857 3892 qui·
899 3808 1040 3886 cessaria,
1062 3817 1094 3869 ut
1111 3810 1238 3870 virtutes
1255 3810 1401 3888 reliquae,
1415 3827 1499 3870 exer·

256 3895 315 3958 bus
337 3897 436 3958 verbis
455 3905 544 3976 patet,
569 3913 594 3955 s.
615 3891 761 3955 'ibernam
782 3893 858 3954 cari-
898 3893 969 3952 citio
985 3903 1030 3953 est
1043 3892 1235 3972 perficienda,
1248 3910 1353 3971 nempe
1370 3885 1497 3954 facilitas

255 3981 326 4041 tatis
349 3990 539 4061 praeceptum
560 3977 702 4037 babuisse
722 3987 754 4038 nt
768 3997 856 4058 prae·
898 3977 949 4035 illa
967 3986 1051 4036 actrts
1064 3975 1205 4035 virtutum
1222 3975 1372 4051 eliciendi,
1387 3977 1433 4036 via
1449 3993 1498 4044 or-

254 4074 375 4144 cepturu
389 4063 518 4143 speciale
529 4071 558 4123 et
573 4061 757 4136 distinctum,
771 4062 858 4141 quip-
897 4058 1014 4120 dinarie
1040 4077 1099 4118 nou
1121 4059 1287 4138 acquiritur
1305 4059 1362 4120 nisi
1381 4058 1498 4120 exerci-

254 4165 292 4226 pe
318 4148 398 4227 qnod
422 4147 531 4206 babeat
555 4143 701 4205 rationem
722 4144 808 4221 lmis,
828 4155 858 4206 et
899 4143 951 4203 tio.
973 4142 1032 4202 lem
1056 4160 1125 4203 vero
1152 4143 1178 4202 si
1200 4143 1291 4204 burno
1317 4141 1497 4204 christianus

254 4232 403 4310 potiorem
422 4229 633 4306 obligationem
654 4227 785 4288 inducat.
799 4225 855 4288 Sed
896 4226 1059 4302 generatim
1088 4225 1177 4286 debet
1204 4226 1329 4287 virtutes
1347 4227 1494 4301 excolere,

254 4310 854 4393 clariusudbueidipsumelibidocetdum
897 4308 1048 4389 quomodo
1067 4327 1126 4369 nou
1142 4309 1293 4370 tenebitur
1313 4310 1390 4369 benc
1407 4325 1496 4386 prae·

252 4397 314 4458 uit:
334 4400 428 4461 Aet-ns
452 4397 589 4460 caritatis
607 4395 763 4474 dupliciter
783 4413 855 4458 coa·
897 4394 985 4474 cipue
999 4393 1146 4469 excolere,
1166 4392 1253 4454 onius
1266 4402 1350 4453 aetus
1365 4401 1497 4470 praeter·

288 4577 327 4647 (Ι)
347 4578 379 4641 ΙΙ,
393 4582 420 4642 2,
435 4596 462 4646 q.
476 4583 518 4644 lli,
530 4587 580 4629 art.
593 4581 617 4628 l.
930 4573 968 4640 (Ξ)
988 4575 1008 4637 1,
1022 4577 1049 4636 2,
1066 4590 1092 4641 q.
1106 4576 1164 4636 loo,
1177 4581 1227 4623 ert.
1241 4576 1283 4623 to.
