3700 5659
808 512 903 558 carun
918 513 957 558 vt.
1403 501 1466 566 295

242 612 370 690 odium3
383 609 534 691 siquidem
550 606 673 682 inuidia,
694 604 859 674 scutulatis
901 604 1058 672 risimilior
1085 605 1222 693 videtum
1236 607 1398 689 ¹siquidem
1419 633 1507 688 amar

242 697 294 760 tia
320 698 377 758 'illa
405 713 465 756 nou
488 692 651 755 oritnrett,
671 689 859 769 odinipsius
900 707 959 758 non
975 692 1281 764 tantumrnllbtttutn
1294 694 1504 780 incommuni,

245 779 399 862 proximi,
419 777 472 839 sed
502 774 606 856 potius
629 793 673 840 et.
689 771 757 839 odio
776 772 859 835 illius
899 772 951 833 sed
968 772 1122 834 descendit
1139 774 1177 845 ad
1193 775 1396 854 particularia:
1413 802 1506 866 oppo.

242 864 348 936 -mali,
371 880 432 942 quo
457 861 525 940 quis
554 867 657 921 censet
675 875 707 918 se
722 857 805 926 ,affici
824 874 858 918 et
899 855 1035 927 siturum.
1050 866 1150 929 aulem
1173 859 1277 931 eaden
1296 866 1454 940 estratio,
1473 869 1504 930 l-

243 945 429 1008 exoellentia
444 941 585 1026 proximi,
605 941 656 1022 qni
676 941 704 1007 ei
715 940 858 1022 praeler-
900 947 966 1009 tem,
986 941 1062 1010 telle
1089 941 1227 1021 proximo
1245 953 1399 1021 aeternam
1419 970 1504 1022 ruoc-

249 1031 379 1107 turtt).
585 1063 619 1094 2,
793 1087 828 1094 ..
900 1031 1194 1098 temestsuuuum
1218 1027 1503 1108 odiumettamea

294 1109 858 1188 lld.llicnonnullaeagitanturquae·
899 1126 958 1168 non
973 1117 1095 1189 ,spectat
1111 1109 1162 1180 ,ad
1187 1111 1315 1192 ‚aliquod
1340 1115 1444 1180 uitium
1471 1121 1503 1187 in
1531 1160 1550 1182 .

244 1197 379 1264 stiones.
401 1213 436 1258 ac
456 1195 485 1255 l·
506 1193 628 1274 quidem
650 1204 750 1256 utrum
774 1191 857 1254 eius·
899 1192 1088 1271 particulari,
1108 1192 1239 1274 ideoque
1257 1199 1413 1262 coustituit
1428 1220 1501 1284 spe-

249 1281 336 1344 modi
354 1279 457 1341 odium
478 1278 518 1340 sit
540 1287 694 1358 peecatum
715 1275 805 1338 unius
822 1294 855 1338 e·
898 1276 974 1338 ciem
995 1276 1158 1357 propriam.
1182 1277 1318 1359 insuper¹
1333 1284 1408 1346 uelle
1429 1306 1502 1366 pro·

249 1365 434 1443 iusdemqne
462 1361 595 1442 speciei,
625 1361 670 1422 uel
701 1358 858 1440 plurium?
898 1359 978 1420 ximo
997 1368 1149 1422 aeternam
1161 1373 1296 1437 ,mortem
1313 1374 1367 1429 aut
1382 1377 1501 1450 tempo-

248 1444 656 1511 Nonnulliatlrrmautuuius
668 1443 778 1524 speciei
789 1461 856 1506 esse
899 1444 992 1505 ratem
1022 1462 1076 1524 per
1101 1463 1134 1506 se
1152 1445 1291 1508 uidentur
1315 1449 1426 1521 habere
1444 1454 1500 1531 de·

247 1534 276 1594 si
296 1538 448 1612 spectetur
464 1547 518 1610 per
538 1527 658 1590 ruodum
678 1527 742 1590 vitii
767 1527 855 1588 habi·
897 1518 1355 1609 ltrrruita'ttesdiuersaerationis3
1369 1553 1502 1618 uamper

249 1617 355 1692 tualis,
378 1613 432 1676 sed
450 1613 549 1693 reipsa
570 1613 628 1674 sub
647 1631 680 1674 se
702 1611 856 1672 continere
897 1628 931 1680 se
942 1611 1350 1690 privantbonitaledt'tcrsae
1360 1620 1500 1693 rationis.

243 1701 364 1761 multas
393 1705 582 1778 peccatorum
608 1695 742 1777 species3
765 1695 856 1774 idque
899 1693 1042 1770 demum„
1067 1696 1176 1770 ceteris
1211 1699 1354 1777 omissis,
1381 1705 1500 1776 afficere

249 1783 373 1844 duobus
392 1780 488 1842 modis
507 1779 723 1861 principalibus
740 1779 856 1840 contin·
897 1780 1065 1857 pronianum
1080 1780 1191 1852 iniuria
1209 1781 1240 1843 in
1259 1783 1330 1857 uita,
1346 1787 1391 1847 vet
1411 1788 1441 1860 iu
1457 1790 1501 1852 fa.

249 1885 337 1944 gare,
356 1864 498 1926 nimirum
515 1884 549 1926 ex
566 1874 650 1944 parte
666 1863 780 1940 motiui,
797 1864 854 1924 sub
897 1872 1049 1936 mansuut
1067 1865 1171 1944 procul
1190 1864 1284 1938 dubio
1301 1879 1423 1946 peccata
1433 1891 1501 1953 spe.

250 1969 313 2031 quo
331 1949 485 2032 proximus
503 1948 571 2009 odio
591 1948 729 2024 habetur,
750 1954 803 2010 aut
819 1967 854 2008 eu
895 1946 1188 2013 ciedirersacoutra
1202 1948 1360 2028 iustitiam,
1378 1966 1500 2036 propter

246 2043 337 2116 parrte
353 2034 423 2094 mali
442 2032 523 2113 quod
541 2031 610 2112 quis
625 2033 759 2112 proximo
778 2032 852 2093 vult.
896 2032 1040 2102 materiae
1067 2031 1286 2113 diversitatem,
1308 2035 1445 2118 adeoque
1469 2049 1499 2104 et

250 2117 339 2179 l’rior
357 2115 463 2178 modus
481 2115 627 2192 contingit
643 2115 763 2196 quando
781 2133 853 2196 pro·
894 2113 924 2176 in
943 2115 1012 2178 odio
1029 2115 1090 2195 (d).

249 2201 351 2264 ximus
368 2200 437 2261 odio
461 2201 589 2261 habetur
607 2201 652 2260 rel
673 2218 726 2281 per
744 2218 789 2272 se,
808 2201 852 2260 vel
935 2199 1010 2262 tto.
1033 2201 1063 2260 Ξ.
1083 2199 1184 2280 Altera
1202 2202 1351 2280 quaestio,
1369 2224 1447 2286 quae
1461 2226 1497 2270 a-

251 2303 305 2365 per
327 2284 575 2359 aliam-*eausam¹
595 2302 673 2364 quae
690 2282 854 2347 intercedat
892 2281 1004 2356 gitatur
1029 2292 1094 2358 est,
1113 2283 1266 2364 quomodo
1296 2287 1499 2366 distinguatur

250 2367 328 2429 irter
358 2387 450 2429 uuum
481 2375 511 2429 et
538 2368 686 2443 alterum,
713 2368 759 2428 vel
782 2367 853 2446 quia
894 2366 996 2429 odium
1017 2368 1055 2429 ab
1074 2367 1222 2429 iniustitia
1240 2369 1389 2448 interiori,
1410 2383 1440 2436 et
1458 2375 1496 2437 alr

250 2460 297 2514 ot
316 2452 388 2532 quid
407 2451 478 2528 Dei3
499 2451 668 2512 cuiusmodi
687 2450 852 2512 estodium
893 2452 1027 2532 appetitu
1051 2451 1223 2514 uindictae?
1240 2453 1294 2516 cat
1324 2459 1495 2537 quaestioni

251 2527 323 2616 qum¹
338 2536 500 2597 ‹laternoues
518 2545 621 2596 cotrtra
641 2535 777 2597 lrourines
799 2554 853 2596 ae·
894 2535 1103 2616 respondetur,
1120 2536 1149 2596 in
1166 2535 1224 2598 hoc
1239 2537 1341 2601 odiutn
1360 2542 1399 2603 ab
1418 2543 1496 2606 iuiu-

250 2619 576 2700 stuatttldlCeteruru
589 2619 614 2679 si
627 2619 854 2702 considerentur
893 2619 974 2681 stitia
989 2620 1125 2682 interiori
1146 2619 1301 2700 distingui,
1322 2625 1401 2704 quod
1422 2627 1498 2689 illud

251 2704 409 2765 actusodii
422 2711 552 2783 exparte
566 2703 666 2763 motiui
682 2711 710 2764 et
726 2713 853 2782 exparte
894 2703 927 2762 ut
950 2703 1014 2780 sic,
1034 2704 1190 2765 abstrahat
1214 2705 1252 2766 ab
1275 2708 1357 2768 omui
1377 2711 1497 2774 actione

250 2786 437 2848 diuersorum
467 2787 635 2862 malorum,
654 2785 686 2846 iu
710 2805 788 2867 quae
805 2787 852 2846 le·
893 2783 1051 2863 iniuriosa,
1065 2805 1155 2867 quam
1172 2788 1295 2869 respicit
1305 2792 1497 2855 voluutasin-

249 2879 377 2948 runtur,
397 2878 469 2932 sunt
491 2869 625 2931 diuersae
653 2869 776 2950 speciei.
805 2868 853 2930 Sic
893 2867 987 2947 iusta3
1004 2881 1109 2932 eontra
1126 2889 1196 2933 vero
1216 2871 1363 2937 iniustitia
1377 2878 1498 2956 attingit

248 2955 352 3016 odisse
378 2953 547 3036 proximum
570 2953 597 3014 ei
621 2955 750 3034 optmdo
769 2972 851 3015 mor·
892 2951 987 3033 ipsam
1019 2954 1161 3016 iniustam
1192 2956 1341 3020 actionem
1371 2959 1402 3021 iu
1425 2980 1497 3023 cou-

247 3046 312 3099 tem
325 3047 377 3100 aut
390 3041 535 3099 bonorum
549 3037 771 3118 spoliationem,
784 3047 854 3099 suut
892 3046 974 3098 creto
995 3039 1129 3100 votitam.
1148 3037 1278 3102 Rursum
1302 3041 1497 3123 distinguitur

249 3122 320 3182 odiu
337 3121 436 3203 specie
453 3121 593 3183 distincta
612 3131 732 3202 propter
750 3121 854 3183 distin·
869 3081 875 3219 ι
892 3120 995 3183 odium
1011 3142 1028 3183 a
1042 3121 1184 3201 uindicta,
1205 3123 1286 3204 quod
1304 3126 1379 3188 illud
1397 3148 1450 3209 per
1462 3149 1496 3192 se

250 3210 317 3266 ctas
342 3208 441 3287 specie
463 3205 786 3286 dillortuitates,qnas
804 3206 853 3266 iu·
892 3205 964 3266 velit
989 3206 1102 3268 malum
1124 3207 1302 3289 simpliciter
1319 3210 1497 3274 indetermi-

249 3286 379 3350 ctudunt
397 3299 426 3351 et
444 3289 603 3370 imperant.
623 3287 790 3351 Sanesicut
806 3308 855 3350 oc·
894 3299 997 3352 uatum
1026 3309 1061 3352 ac
1089 3291 1155 3353 sine
1185 3310 1345 3372 mensura3
1367 3296 1496 3360 vindicta

249 3373 353 3434 cidere
365 3383 393 3434 et
408 3373 502 3434 lirrari
518 3381 588 3434 sunt
600 3372 738 3435 distincta
755 3374 854 3454 specie
894 3392 964 3435 vero
986 3375 1058 3436 uelit
1086 3376 1198 3437 malum
1218 3390 1497 3444 commensuratum

249 3465 386 3538 peccata,
406 3457 447 3518 ila
462 3457 538 3518 velle
553 3455 690 3518 occidere
706 3466 735 3519 et
748 3456 852 3518 furari.
895 3457 1007 3519 iniuria
1034 3467 1191 3538 acceptam
1213 3478 1248 3520 ex
1273 3480 1334 3540 quo
1357 3462 1506 3543 insertur,

250 3539 290 3602 Et
310 3539 350 3601 ita
370 3559 472 3622 porro.
492 3541 600 3603 Contra
620 3558 689 3601 tero
708 3541 759 3602 alii
779 3559 854 3602 cou-
895 3541 977 3621 quod
1005 3541 1135 3603 vindicta
1159 3560 1219 3602 nou
1245 3543 1285 3604 sit
1302 3563 1357 3625 per
1373 3565 1423 3623 se,
1443 3567 1498 3610 seu

250 3622 390 3696 tendunt,
408 3626 464 3686 sub
479 3622 584 3705 quotis
600 3633 737 3705 respectu
752 3624 854 3686 odium
895 3625 1057 3687 intrinsece
1087 3624 1185 3697 mala,
1206 3625 1231 3687 si
1256 3625 1367 3690 debitis
1391 3631 1499 3693 mediis

249 3707 364 3768 uersari
383 3709 463 3769 circa
481 3710 593 3770 attalem
617 3716 647 3768 ut
666 3709 721 3785 sic,
739 3717 769 3770 et
787 3707 855 3770 ideo
896 3709 958 3785 luat,
979 3717 1009 3770 et
1030 3725 1084 3790 per
1105 3708 1269 3785 legitimam
1289 3713 1497 3777 auctoritatem

251 3809 321 3854 esse
341 3810 455 3868 uuum;
475 3792 550 3853 uelle
569 3799 669 3852 autem
692 3793 804 3853 maltum
824 3792 855 3853 iu
896 3795 1499 3880 etpalatumcontraveroodiumsemper
1537 3823 1543 3838 ·

250 3875 427 3956 particulari
440 3894 497 3936 nou
511 3893 577 3936 esse
593 3875 654 3936 odii
670 3875 723 3938 sed
737 3875 856 3939 iniusti·
897 3875 1009 3939 habere
1024 3877 1216 3938 intrinsecam
1233 3879 1377 3941 malitiam
1394 3881 1456 3962 (5).

250 3959 325 4033 tiae,
346 3959 390 4020 uel
410 3958 518 4020 similis
538 3959 608 4020 mali
625 3960 686 4038 (3).
940 3961 1015 4021 tlt.
1035 3960 1156 4023 Ceteras
1175 3960 1282 4023 missas
1301 3962 1379 4024 facio
1403 3984 1499 4046 quae·

256 4069 258 4073 ·
294 4041 370 4104 tta.
386 4043 441 4105 Ast
451 4045 535 4124 prior
547 4044 697 4106 sententia
709 4043 798 4120 longe
808 4062 858 4106 re·
898 4042 1169 4127 stionesutpotead
1182 4043 1353 4109 institutum
1364 4060 1500 4113 nostrum

288 4238 410 4306 (tilbirl.
429 4249 478 4292 art.
492 4245 519 4293 6.
899 4251 1003 4311 propter
1021 4243 1121 4308 neum,
1150 4260 1180 4295 ee
1211 4245 1260 4298 lule
1277 4245 1452 4300 videturesse
1474 4267 1502 4302 o·

287 4308 326 4374 (²)
341 4307 377 4358 lta
395 4310 501 4370 strar-oz,
519 4307 586 4376 disp.
601 4314 629 4371 t,
648 4317 713 4361 sect.
725 4312 753 4371 2,
778 4313 856 4372 md,
898 4312 983 4373 dium,
1001 4313 1070 4381 quod
1089 4311 1183 4365 liabent
1200 4312 1337 4367 daemones
1353 4326 1442 4368 contra
1454 4317 1500 4368 lta·

250 4388 283 4424 ox
302 4391 354 4440 quo
377 4376 453 4427 inlcrt
472 4377 534 4427 lruco
552 4377 604 4428 duo
622 4378 679 4428 odiu
697 4376 790 4428 lrulrrre
808 4376 858 4427 dil·
899 4379 989 4431 uriues.

252 4441 394 4492 formitates
411 4461 496 4511 spireio
513 4443 666 4507 distinctas,
691 4445 749 4496 lieet
766 4461 858 4496 suerro·
932 4451 971 4512 (d)
988 4445 1032 4498 sta
1050 4445 1119 4498 inter
1135 4456 1234 4499 eotrrot
1255 4447 1392 4510 caietanus
1411 4451 1438 4503 iu
1456 4464 1504 4504 run

252 4506 316 4559 dnm
336 4509 442 4564 viduato
454 4512 547 4576 'attegia
559 4529 613 4563 csse
626 4521 714 4564 contra
727 4522 857 4565 caritutrnu
897 4523 1035 4566 cotrrtucul.
1056 4515 1081 4565 in
1091 4531 1113 4566 a.
1125 4513 1218 4565 Tlrom.
1233 4515 1264 4564 etl
1274 4525 1323 4567 art.
1342 4521 1369 4569 6.

252 4574 313 4637 net,
334 4580 453 4645 qrranuris
471 4581 574 4645 proprie
592 4580 625 4630 eit
642 4581 799 4631 contrarium
820 4581 858 4632 illi
933 4585 970 4646 (lo)
988 4583 1023 4632 ltu
1042 4584 1147 4642 Suarua,
1167 4583 1215 4632 loe.
1229 4592 1275 4633 cit.
1294 4600 1321 4634 n.
1335 4589 1362 4635 ὅ.

252 4644 334 4708 actui,
352 4661 403 4715 quo
427 4658 528 4698 amatur
553 4648 684 4715 proxiruus
711 4646 859 4701 imuuudiate
933 4650 971 4718 (5)
990 4649 1031 4700 Cl.
1043 4651 1150 4713 Suam,
1168 4651 1218 4702 loc.
1230 4651 1276 4703 cit.
1289 4667 1316 4704 u.
1330 4657 1356 4704 t.
