3700 5659
751 575 846 622 corun
864 575 894 622 r.
1348 564 1411 624 eta

215 667 359 736 nonnullis
397 666 439 730 ita
471 665 579 744 exponi
613 683 639 725 s.
659 664 805 742 doctoris
847 648 1305 743 clomooort'tote'montendunt
1323 687 1455 729 esseae-

218 762 350 827 mentem,
369 759 402 810 ut
421 768 480 810 non
495 749 613 810 dillerat
638 767 656 808 a
684 757 805 809 contra·
848 750 1020 840 cipiendurp
1039 750 1075 810 de
1105 751 1170 830 ipsa
1195 752 1290 829 gratia
1316 753 1452 813 sanctifi-

219 833 449 900 riaesententiae
469 832 596 911 placito;
618 830 707 910 idque
725 832 809 892 colli·
849 843 935 894 cante
950 835 995 893 vel
1015 834 1079 894 eius
1094 834 1237 914 primaria
1256 835 1450 915 proprietate,

219 929 284 998 gunt
298 917 409 979 enaliis
427 917 526 996 ipsius·
539 915 706 996 principiis,
728 915 809 994 quod
849 917 928 977 node
955 917 1083 994 dignitas
1103 918 1202 997 operis
1221 919 1257 978 ad
1286 920 1454 999 praemium

221 1004 324 1066 scilicet
338 1009 422 1062 actus
438 1001 603 1080 imperatus
622 1017 682 1058 non
702 999 811 1059 habeat
851 1001 1012 1060 essentiale
1032 1001 1172 1075 habetur,
1191 1001 1315 1061 minime
1328 1021 1398 1062 nero
1419 1003 1455 1064 de

222 1088 350 1148 neritum
369 1083 543 1144 distinctum
570 1083 607 1143 ab
627 1091 693 1142 actu
712 1081 810 1162 impe·
851 1085 1168 1146 octucaritatisantde
1181 1085 1247 1146 eius
1261 1086 1406 1166 imperio(
1427 1087 1453 1167 ).

222 1177 308 1246 rarn'te,
328 1167 380 1230 sed
399 1187 492 1228 unum
511 1166 652 1245 idemque
671 1167 810 1226 meritum

223 1274 281 1316 cum
301 1253 351 1314 illo
379 1252 563 1326 constituat,
598 1252 639 1310 ita
663 1258 814 1310 tamenut
1112 1251 1195 1331 5111.

224 1339 292 1400 ratio
310 1335 411 1397 meriti
429 1334 571 1414 primario
601 1341 631 1394 et
652 1332 813 1394 intrinsece

225 1421 295 1483 actui
310 1419 493 1499 imperanti,
516 1416 694 1478 secundario
713 1425 812 1478 autem
879 1472 881 1474 ,

226 1515 251 1566 et
264 1503 480 1565 denominative
498 1501 577 1563 actui
595 1502 741 1580 imperato
757 1501 813 1561 ob·
897 1500 970 1560 3⁶28.
988 1499 1072 1563 Talia
1089 1513 1160 1562 sunt
1177 1513 1365 1582 argumenta,
1381 1523 1459 1584 qnae
1515 1509 1525 1522 '

226 1589 325 1650 veniat.
348 1587 422 1648 Cum
453 1604 512 1666 quo
541 1585 741 1645 nihilominus
761 1601 814 1644 co·
855 1603 908 1663 pro
926 1594 1054 1663 utraque
1071 1587 1315 1648 contendentium
1336 1599 1460 1648 senten-

227 1672 336 1744 haeret‚
365 1670 449 1749 qnod
474 1677 559 1730 aetus
582 1669 726 1728 virtutum
755 1685 816 1727 non
857 1669 897 1727 tia
925 1667 1056 1728 militare
1083 1669 1232 1731 videntur.
1267 1671 1359 1732 Nobis
1388 1671 1461 1732 satis

228 1754 354 1834 imperati
382 1773 400 1814 a
419 1753 566 1829 caritate,
601 1760 653 1813 ant
679 1752 817 1832 imperati
857 1751 895 1812 sit
914 1769 949 1811 ea
962 1751 992 1810 in
1008 1752 1139 1812 medium
1157 1755 1304 1832 attulisse3
1320 1755 1394 1834 quin
1411 1773 1461 1814 ne·

229 1839 350 1917 quidem,
369 1837 424 1898 sed
439 1835 620 1916 speculative
639 1836 750 1914 sumpti
766 1853 819 1915 per
858 1836 949 1896 limus
967 1834 1112 1896 iudicium
1131 1838 1221 1913 serre,
1238 1857 1291 1917 pro
1309 1858 1369 1917 qua
1387 1837 1465 1898 veri-

230 1941 256 1982 se
276 1939 307 1982 ac
323 1921 441 1982 ratidne
460 1921 508 1981 sui
525 1919 698 1980 contineant
726 1920 819 1980 meri·
858 1930 903 1979 tas
921 1926 990 1979 stet.
1008 1917 1066 1979 Res
1085 1920 1158 1980 satis
1173 1921 1302 2000 implexa
1320 1929 1348 1981 et
1366 1922 1464 1980 incer-

231 2017 284 2066 tum
298 2006 372 2068 ritae
386 2014 540 2066 aeternae.
562 2003 624 2064 Hac
641 2002 758 2063 ratione
773 2021 821 2063 en·
861 2002 1035 2063 tavidetur.
1061 2002 1121 2064 Nos
1148 2003 1179 2063 id
1210 2023 1304 2064 unum
1335 2004 1463 2064 dicimus

231 2090 452 2168 planant,.quae
471 2087 576 2148 scribit
594 2106 620 2148 s.
646 2086 777 2148 Thomas
796 2087 820 2164 l,
862 2087 1059 2166 posteriorem
1090 2087 1285 2167 opinionem,
1308 2107 1386 2167 quae
1406 2107 1465 2167 pu·

233 2173 258 2249 l,
277 2193 303 2252 q.
333 2189 421 2246 cnrv,
441 2179 498 2232 ant.
528 2170 606 2231 lde
626 2171 733 2231 rnerito
753 2189 822 2250 spe·
863 2171 935 2247 gnat‘
947 2188 1001 2250 pro
1025 2173 1203 2233 necessitate
1216 2171 1349 2232 caritatis
1367 2172 1466 2251 impe-

233 2264 320 2318 otaote
336 2256 489 2334 primorie
503 2255 658 2316 caritatem
676 2254 825 2334 imperan-
864 2254 957 2315 rantis
973 2271 1028 2315 seu
1047 2254 1201 2316 induentis
1215 2255 1247 2315 in
1258 2255 1392 2333 singulos
1409 2255 1468 2314 nir·

235 2348 301 2416 tenn,
320 2341 501 2402 cecuttdut't'o
518 2355 590 2400 vero
609 2347 706 2400 actum
727 2338 826 2419 impe·
866 2346 962 2400 tutum
983 2348 1079 2414 actus,
1099 2339 1183 2400 valde
1203 2339 1240 2400 ad
1263 2339 1403 2419 pietatem
1423 2338 1469 2398 lo·

237 2433 334 2484 ratum.
865 2421 991 2483 vendam
1011 2424 1158 2501 conferre,
1181 2423 1405 2503 optandumque
1424 2440 1470 2482 es-

271 2508 337 2570 3db.
354 2505 402 2568 Sic
421 2524 456 2567 ea
469 2507 649 2585 qnaehabet
662 2505 692 2566 in
708 2514 824 2586 quaest.
867 2525 900 2566 se
920 2553 929 2581 ,
950 2514 983 2566 ut
1004 2525 1109 2568 omnes
1129 2509 1207 2569 hane
1240 2506 1373 2568 caritatis
1391 2506 1469 2566 viam

236 2591 271 2652 lle
290 2593 434 2666 ueritate,
469 2591 506 2652 de
543 2589 709 2669 quantitate
729 2590 828 2651 meriti
867 2589 899 2648 iu
917 2589 1087 2650 actionibus
1112 2592 1175 2652 suis
1202 2599 1398 2651 sectarentur.
1420 2593 1473 2650 Ast

239 2675 376 2753 pensanda
394 2693 434 2735 en
451 2675 551 2736 radice
572 2674 684 2752 operis,
702 2692 756 2735 seu
776 2686 828 2734 ca·
868 2672 977 2734 durum
996 2692 1032 2733 ex
1049 2675 1143 2734 altera
1170 2682 1254 2753 parte
1271 2674 1388 2734 videtur
1416 2673 1472 2734 ad-

238 2759 324 2836 nitate,
344 2768 373 2820 et
388 2777 426 2820 ex
440 2775 546 2836 penore
562 2758 668 2836 oporto,
689 2775 742 2818 sen
761 2765 829 2819 actu
869 2756 1027 2833 stringere,
1047 2757 1094 2816 sin
1113 2757 1213 2818 minus
1227 2764 1386 2836 praecepto
1409 2756 1472 2815 sal-

238 2841 364 2919 nirtutis‚
395 2841 570 2916 intelligunt
602 2859 662 2900 non
697 2841 733 2902 de
761 2850 829 2902 actu
870 2849 930 2900 tem
949 2839 1006 2900 sub
1037 2840 1209 2902 conditione
1241 2841 1307 2901 sine
1331 2857 1390 2918 quo
1412 2855 1473 2899 non

238 2926 370 3004 caritatis,
391 2925 440 2986 nel
458 2925 495 2985 de
514 2933 581 2985 actu
600 2943 617 2984 a
635 2925 829 2995 caritateim-
871 2924 1020 2984 habeatnr
1040 2923 1221 3001 condignum
1251 2923 1412 2999 meritum,
1436 2922 1475 2982 d-

239 3019 341 3087 perato,
362 3009 419 3072 sed
437 3009 474 3070 de
493 3009 629 3088 quolibet
646 3027 735 3088 opere
751 3008 830 3068 bono
871 3007 953 3068 deles
986 3025 1090 3069 omnes
1121 3008 1158 3069 ad
1180 3025 1251 3068 suas
1284 3006 1475 3087 operationes

241 3092 360 3155 bominis
377 3093 472 3169 iusti,
504 3100 538 3152 ut
556 3101 601 3152 est
618 3092 713 3167 gratia
732 3100 831 3152 etce-
872 3090 1045 3166 singillatim
1073 3110 1108 3152 ex
1127 3092 1252 3154 caritate
1287 3091 1396 3152 actuali
1425 3098 1478 3151 aut

240 3176 316 3238 ritate
344 3177 491 3240 bobitnnlt'
522 3175 719 3252 informatus;
754 3193 833 3255 quae
873 3174 993 3235 virtuali
1012 3177 1136 3253 saltem,
1156 3175 1295 3256 explicite
1316 3183 1346 3236 et
1364 3193 1399 3236 en
1417 3174 1478 3234 im·

241 3276 302 3320 nero
326 3261 441 3324 ibidem
461 3259 613 3337 angelicus
635 3260 739 3320 doctor
756 3259 833 3320 scri·
875 3259 1100 3338 periocaritatis
1115 3260 1294 3335 eliciendas,
1312 3267 1341 3320 et
1357 3257 1478 3339 quidem

242 3341 279 3404 bit
292 3344 326 3406 de
342 3343 479 3424 praemio
505 3344 664 3419 nouendiali,
679 3342 765 3422 quod
782 3359 834 3404 re·
876 3344 941 3418 ita,
961 3352 995 3403 nt
1012 3343 1153 3405 meritum
1187 3344 1224 3404 de
1252 3343 1399 3418 condigno
1420 3360 1480 3403 non

242 3429 357 3506 spondet
378 3427 515 3490 caritatis
529 3425 635 3504 radici,
657 3434 687 3488 et
704 3427 837 3506 deprae·
877 3425 1042 3486 intercedat
1055 3426 1086 3487 in
1101 3426 1273 3507 totpietatis
1291 3425 1434 3507 operibus
1445 3443 1481 3486 ac

243 3511 295 3571 mio
312 3512 499 3588 occidentali,
517 3509 598 3590 qnod
615 3510 758 3591 peculiari
774 3511 836 3570 vir·
875 3509 1020 3569 uirtutum
1040 3510 1157 3570 actibus
1175 3510 1206 3570 in
1222 3510 1333 3590 quibus
1348 3509 1412 3568 sine
1432 3526 1480 3569 ca-

243 3595 293 3654 tuli
308 3596 464 3670 tribuitur,
484 3595 718 3673 interpretantur
735 3593 771 3654 de
786 3613 837 3654 ca·
880 3592 977 3652 nitatis
996 3592 1123 3672 imperio
1138 3592 1290 3667 contingat
1307 3609 1341 3653 se
1359 3609 1482 3652 exerce-

243 3676 324 3740 ritate
353 3679 469 3760 pariter
496 3678 644 3740 bobitnult'
672 3676 839 3738 indiverso
880 3693 924 3736 re.
946 3673 1039 3736 llulto
1065 3676 1166 3738 minus
1180 3695 1238 3758 ,pro
1257 3676 1312 3736 hac
1335 3674 1484 3737 sententia

244 3763 328 3834 mado
343 3771 487 3842 tanquam
507 3780 599 3822 causa
612 3767 738 3838 remoto,
760 3760 841 3822 etde
881 3759 1015 3821 animum
1034 3760 1208 3837 llectimus,
1236 3778 1303 3820 cnm
1322 3757 1485 3820 tridentina

245 3853 307 3906 actu
323 3846 442 3908 virtutis
457 3853 599 3925 tanquam
629 3861 720 3906 causa
733 3847 841 3924 proui-
882 3842 1032 3923 synodus,
1053 3851 1086 3904 ut
1099 3861 1135 3904 ex
1152 3842 1288 3905 adductis
1304 3841 1484 3903 testimoniis

246 3929 416 3991 medinensi
435 3927 573 4010 praemii.
593 3927 667 3990 Gom
685 3945 755 3989 nero
770 3927 842 4010 qni·
883 3934 976 4008 patet,
997 3927 1147 3993 eiusmodi
1161 3925 1385 4004 conditionem,
1407 3943 1486 4005 quae

246 4009 307 4072 dam
331 4013 449 4074 virtutis
480 4021 564 4074 actus
586 4029 657 4093 prae
686 4029 718 4072 se
747 4013 845 4074 lerant
885 4019 985 4072 tamen
1003 4010 1078 4071 tanti
1096 4010 1240 4073 momenti
1255 4017 1345 4087 esset,
1361 4009 1486 4071 minime

248 4095 390 4158 maiorem
402 4097 559 4177 quandam,
576 4094 768 4172 arduitatem,
788 4097 842 4174 nt,
886 4094 1086 4156 constituerit.

249 4184 278 4237 ot
297 4179 448 4258 peculiare
469 4179 636 4261 praemium
661 4178 846 4242 accidentale
929 4178 1003 4240 329.
1023 4176 1108 4249 Quae
1123 4197 1191 4240 cum
1207 4178 1250 4241 ita
1270 4197 1303 4241 se
1331 4177 1485 4255 habeant,

248 4258 305 4321 illis
319 4263 518 4344 respondeat,
550 4261 721 4324 cuiusmodi
747 4270 848 4325 essent
887 4279 943 4323 neo
952 4261 1116 4342 quidquam
1125 4263 1181 4324 bac
1192 4281 1324 4344 superne
1333 4263 1488 4324 delinitum

251 4345 849 4424 aureolaedoctorunn,virginumaemer-
888 4345 927 4408 ab
958 4345 1086 4408 ecclesia
1103 4346 1212 4424 luerit,
1236 4347 1381 4428 optimum
1401 4345 1488 4408 duci·

253 4432 357 4503 tyrum.
890 4448 975 4507 nnus,
995 4429 1164 4491 libertatem
1181 4430 1345 4510 unicuique
1360 4447 1425 4490 esse
1443 4447 1491 4490 re·

290 4510 360 4572 327.
396 4512 522 4577 Demum
543 4512 625 4594 quod
643 4512 732 4578 docet
748 4511 850 4593 Ange·
890 4513 1084 4594 linquendam
1106 4513 1265 4590 sentiendi,
1281 4513 1353 4594 qnid
1372 4512 1491 4574 sibine·

254 4587 374 4690 licus-ip
388 4605 504 4676 quaest.
524 4615 554 4658 vr
584 4597 795 4692 deponentia,
815 4616 850 4660 ⁰·
925 4628 964 4696 (r)
983 4627 1237 4695 nraannoemnnou
1259 4604 1350 4682 nuent.
1365 4637 1441 4682 usa
1455 4631 1493 4683 o·

254 4687 329 4738 mnes
343 4688 464 4744 verentes
482 4681 588 4744 bodera
607 4682 739 4745 merendo
758 4682 852 4762 effico-
891 4699 1005 4759 cornute,
1018 4695 1067 4747 too.
1078 4696 1184 4748 cinno.
1195 4700 1222 4748 a.

1068 1385 1252 1431 Conclusio.
