3700 5659
373 503 435 566 258
854 517 892 561 nn
910 517 1054 564 enarrare

333 616 390 691 tis,
411 634 447 676 eo
465 612 546 694 quod
568 619 704 674 teneatur
721 611 811 672 bomo
840 610 929 676 saluti
969 620 1130 692 praecepto
1149 611 1301 692 satisfieri,
1320 615 1361 678 ob
1379 616 1473 678 allata
1485 619 1585 682 ratio·

333 720 407 763 suae
422 699 480 760 cito
497 705 620 776 tutoque
632 714 791 758 consumere
806 694 837 754 in
848 712 933 755 sum·
972 713 1042 757 num
1054 700 1580 782 momenta,etiampersespectato;

335 809 383 850 mo
401 781 573 848 discrimine
591 779 787 842 constitutus:
808 795 862 840 nec
881 787 931 838 tu·
971 778 1042 840 lieet
1058 780 1141 842 omni
1156 800 1225 842 curn
1237 785 1427 862 praecisione
1441 796 1582 848 statuere

335 873 394 935 tius
410 886 498 952 porro
513 883 568 926 nec
586 863 674 924 citius
692 863 722 926 id
740 863 857 924 efficere
868 869 933 942 pot·
972 862 1111 941 instans,
1132 884 1192 945 quo
1219 868 1340 946 elapso,
1371 867 1441 948 quis
1473 869 1582 932 violati

335 965 380 1018 est
398 971 488 1034 quam
507 967 539 1010 se
559 947 596 1010 ad
617 947 709 1008 ileum
728 965 780 1028 per
799 963 933 1008 amorem
950 956 957 1054 p
972 949 1123 1028 praecepti
1159 967 1231 1010 reus
1259 950 1444 1014 incusandus
1471 953 1531 1030 sit,
1552 956 1580 1014 si

335 1056 426 1120 super
448 1033 548 1096 omnia
566 1030 732 1092 excitando.
755 1029 847 1110 ldque
862 1047 936 1090 non·
960 1048 1032 1101 ¹non
1048 1033 1183 1094 elicuerit
1204 1033 1373 1097 dilectionis
1385 1046 1500 1112 actum,
1515 1039 1582 1098 val-

336 1122 412 1184 nulli
431 1117 561 1193 addunt,
581 1114 699 1176 etiamsi
727 1121 845 1194 recepta
875 1112 937 1172 sint
952 1059 957 1204 ἱ
973 1113 1011 1174 de
1029 1114 1167 1192 difficile,
1188 1116 1236 1177 siu
1260 1117 1360 1180 miuus
1384 1120 1582 1200 impossibile

337 1209 539 1276 sacramenta3
567 1199 638 1280 quia
660 1199 797 1260 veniente
825 1214 936 1277 sponso
954 1212 957 1282 ξ
974 1199 1071 1274 soret,
1101 1208 1189 1278 prout
1214 1202 1386 1277 contingere
1419 1205 1583 1264 consuevit

338 1291 419 1366 virgo
439 1284 569 1368 prudens
591 1283 758 1362 lampadem
777 1299 863 1342 suam
884 1297 937 1340 or·
954 1315 958 1377 p
974 1283 1093 1363 quoties
1114 1282 1152 1344 de
1168 1295 1325 1365 praecepto
1343 1287 1526 1348 affirmativo
1544 1307 1584 1347 a·

339 1391 411 1436 nare
430 1369 519 1430 debet
542 1365 631 1446 eique
650 1365 766 1428 obviam
786 1363 867 1425 exire
886 1381 938 1423 ar·
955 1392 958 1460 p
974 1366 1065 1442 gitur,
1081 1366 1162 1446 quod
1181 1367 1303 1446 quidem
1326 1389 1459 1450 semper,
1480 1380 1537 1431 aut
1555 1372 1583 1432 si

339 1453 527 1528 dentissimo,
547 1469 607 1529 quo
626 1449 730 1528 possit,
745 1465 860 1510 amore.
878 1445 937 1506 Eo·
955 1479 959 1520 ι
976 1450 1071 1527 lubet,
1091 1451 1286 1530 saepissime,
1317 1463 1499 1514 nontamen
1523 1472 1584 1534 pro

339 1559 399 1622 que
412 1536 505 1611 magis
516 1543 585 1594 tunc
597 1533 740 1612 temporis
753 1529 941 1592 necessarius
975 1551 1091 1612 semper
1106 1534 1217 1610 obligat
1236 1536 1297 1615 (3).

340 1619 507 1685 censendus
539 1624 584 1678 est
611 1616 760 1676 eiusmodi
788 1623 873 1676 actus
902 1612 941 1674 ad
1019 1618 1094 1680 255.
1111 1617 1240 1680 Facilior
1260 1637 1310 1680 res
1333 1620 1457 1697 evadet,
1480 1620 1507 1681 si
1527 1639 1585 1681 nos

341 1702 536 1768 muniendum
557 1717 610 1760 cor
627 1699 768 1762 adversus
789 1697 941 1775 graviores
958 1739 962 1761 .
977 1701 1159 1782 recipiamus
1174 1702 1211 1762 ad
1228 1703 1440 1778 enarrandum,
1458 1704 1584 1783 quando

342 1787 540 1852 tentationum
562 1783 718 1863 procellaS,
739 1801 817 1864 quae
837 1782 867 1842 in
885 1781 943 1841 hoc
958 1773 963 1876 i
980 1785 1071 1847 buius
1086 1786 1235 1866 praecepti
1252 1796 1357 1864 urgeat
1370 1787 1516 1863 obligatio
1531 1805 1587 1864 per

342 1870 466 1935 instanti
496 1867 654 1948 praecipue
684 1867 870 1928 desaeviunt.
902 1864 1113 1958 Expocct'derts
1140 1887 1194 1929 seu
1221 1869 1339 1930 ratione
1357 1871 1498 1931 alterius.
1517 1867 1591 1930 atei

343 1976 404 2038 quo
431 1953 580 2028 inferunt,
597 1952 725 2028 graviter
751 1958 885 2032 pastores
914 1953 1044 2014 etunim
1075 1952 1211 2032 plerique
1244 1972 1350 2014 omnes
1379 1954 1584 2029 conveniunt,

344 2036 543 2102 confessarios
572 2035 764 2114 delinquere,
785 2033 837 2114 qui
863 2032 946 2094 iuxta
962 2025 966 2125 j
983 2044 1101 2117 praeter
1118 2037 1224 2097 mortis
1243 2037 1405 2098 articulum
1424 2046 1478 2098 aut
1501 2037 1586 2116 peri-

344 2122 490 2186 eeclesiae
501 2118 690 2199 disciplinam
709 2138 727 2179 a
747 2117 946 2178 morientibus
963 2131 966 2181 ff
984 2122 1085 2180 culum
1101 2121 1196 2180 teneri
1215 2121 1368 2182 bominem
1395 2121 1435 2181 ad
1455 2121 1587 2181 elicien-

345 2207 427 2282 fidei,
440 2203 504 2285 spei
519 2212 549 2264 et
567 2201 699 2267 caritatis
713 2212 797 2264 actus
813 2219 873 2261 non
887 2200 949 2262 exi·
963 2199 968 2302 ἰ
984 2204 1055 2265 dum
1070 2203 1240 2265 dilectionis
1250 2214 1350 2265 aetum
1371 2207 1401 2264 ιι
1415 2223 1488 2265 cum
1503 2204 1585 2284 quis,

345 2299 417 2370 gant
434 2289 495 2368 (l).
965 2289 1030 2361 ,tel
1049 2287 1259 2349 administrare
1277 2289 1322 2349 rel
1340 2289 1476 2368 recipere
1491 2287 1584 2349 debe-

388 2373 463 2433 ⁶255.
477 2364 950 2446 Verum,utianimadvertitSua·
966 2403 970 2451 q
987 2379 1033 2433 ret
1049 2380 1269 2432 sacramentum
1281 2372 1427 2449 virorum,
1442 2390 1500 2432 nec
1513 2390 1587 2450 sup-

349 2457 457 2530 rezius,
480 2463 570 2514 totam
592 2453 804 2527 obligationem
823 2450 949 2510 relicere
968 2488 970 2533 ;
989 2464 1102 2536 peteret
1118 2455 1293 2517 confessarii
1311 2456 1409 2536 copia,
1429 2475 1464 2516 ao
1483 2474 1588 2515 neces-

349 2539 381 2600 in
397 2537 471 2599 illud
491 2545 606 2616 tempus
619 2536 705 2614 plane
717 2543 863 2617 repugnat
876 2533 949 2594 tanti
967 2547 972 2580 ι
988 2539 1085 2600 sarius
1106 2549 1186 2600 esset
1211 2548 1296 2600 actus
1318 2539 1530 2614 contritionis,
1553 2556 1588 2598 eo

350 2619 498 2705 praecepti
525 2619 678 2697 dignitati:
699 2619 765 2700 plus
795 2619 874 2679 enim
902 2635 949 2678 re·
967 2614 971 2664 l
988 2622 1069 2702 quod
1086 2622 1118 2682 in
1136 2617 1215 2684 siaiu
1232 2623 1347 2700 gratiae
1365 2642 1426 2682 non
1442 2622 1590 2702 reperire-

301 2781 303 2786 ,
350 2705 443 2788 quirit
460 2704 577 2764 divinae
592 2703 742 2764 amicitiae
765 2702 863 2779 ratio;
885 2709 947 2762 tum
967 2686 971 2738 Ι
989 2715 1056 2768 tur:
1089 2707 1121 2766 2⁰
1136 2724 1205 2768 cunt
1227 2706 1296 2786 quis
1319 2707 1492 2787 pulsaretur
1507 2705 1589 2782 gram

350 2791 421 2872 quia
439 2789 537 2850 divina
556 2797 713 2868 praecepta
732 2787 850 2867 saepius
868 2784 948 2846 obli·
968 2750 973 2873 Ι
989 2789 1164 2867 tentatione,
1192 2810 1282 2871 quam
1301 2791 1389 2852 aliter
1405 2790 1526 2849 vincere
1557 2806 1591 2848 ac

351 2883 431 2952 gant,
458 2881 519 2934 tum
535 2871 606 2952 quia
621 2871 670 2933 hic
687 2870 869 2934 amordebet
883 2887 950 2930 esse
988 2892 1132 2954 superare
1147 2893 1208 2935 non
1226 2882 1338 2955 posset,
1356 2872 1534 2953 praesertim
1564 2871 1591 2932 si

351 2959 453 3035 regula
481 2965 510 3016 et
536 2955 716 3036 principium
749 2953 951 3016 necessarium
990 2957 1068 3018 foret
1084 2957 1122 3018 de
1136 2958 1205 3020 odio
1225 2958 1293 3021 ilei:
1312 2959 1344 3019 3·
1358 2975 1427 3018 cum
1446 2958 1517 3036 quis
1527 2973 1592 3016 ver-

353 3041 518 3115 actionum;
532 3039 733 3100 inordinatum
751 3038 842 3116 igitur
856 3046 902 3098 est
913 3037 953 3096 il·
991 3050 1110 3102 seretur
1127 3041 1159 3103 in
1184 3041 1327 3122 peccandi
1348 3040 1496 3121 periculo,
1512 3038 1593 3118 quod

352 3125 414 3184 lum
432 3124 557 3184 reiicere
580 3121 610 3181 in
629 3123 716 3184 finem
734 3123 811 3183 vitae
830 3121 891 3200 (ιι).
908 3119 955 3180 ld·
992 3126 1055 3186 lere
1072 3125 1178 3186 recidit
1187 3125 1218 3186 in
1233 3125 1346 3188 dictum
1363 3142 1492 3185 numero
1505 3141 1591 3203 prae-

353 3225 451 3285 coque
464 3213 545 3266 extra
557 3203 681 3266 dubium
694 3214 750 3279 est,
766 3204 862 3266 teneri
874 3204 955 3264 chri·
993 3208 1122 3270 cedenti.

353 3290 482 3350 stianum
507 3287 659 3348 bominem
692 3288 811 3368 saepius
839 3287 870 3348 in
894 3222 977 3369 vita!
1035 3292 1109 3353 25¹1.
1129 3291 1221 3358 Recte
1243 3297 1342 3352 autem
1362 3297 1465 3351 monet
1492 3288 1592 3350 cardi-

354 3373 463 3434 elicere
481 3370 534 3432 Dei
546 3371 715 3432 dilectionis
731 3381 842 3448 actum,
859 3379 889 3432 et
904 3388 954 3446 ge·
973 3376 1071 3438 ‘nalis
1090 3373 1169 3437 Gotti
1184 3375 1223 3436 ad
1239 3375 1397 3456 scrupulos
1411 3381 1442 3434 et
1458 3372 1592 3434 anxieta-

355 3455 482 3517 neratim
508 3474 568 3516 non
596 3457 732 3516 sufficere
749 3502 757 3531 ,
777 3455 803 3516 si
828 3453 955 3532 singulis
972 3405 977 3503 Ι
995 3468 1039 3521 tes
1066 3479 1084 3520 a
1111 3459 1228 3539 piorum
1259 3458 1368 3518 animis
1396 3455 1588 3531 amovendos,

357 3538 575 3620 quinquenniis
594 3539 624 3600 in
647 3539 731 3600 illum
763 3539 831 3619 quis
851 3557 955 3599 erum·
973 3533 977 3585 Ι
994 3542 1075 3623 quod
1091 3561 1213 3604 necesse
1225 3540 1303 3604 haud
1314 3542 1354 3603 sit
1368 3539 1405 3601 ad
1415 3538 1593 3600 eliciendum

356 3631 418 3704 pat,
435 3632 468 3686 ut
485 3641 520 3684 ex
539 3623 722 3704 proscripta,
744 3642 833 3702 quam
856 3620 957 3683 attuli·
973 3592 978 3743 1
995 3626 1108 3688 amoris
1122 3635 1234 3701 actum,
1252 3634 1284 3685 ut
1303 3626 1358 3686 bac
1375 3624 1421 3684 rel
1433 3621 1526 3684 simili
1537 3622 1594 3682 ior·

358 3725 438 3782 nius,
460 3705 536 3768 thesi
561 3715 643 3768 certo
671 3714 808 3783 constat3
828 3707 889 3766 imo
908 3705 956 3765 di·
995 3711 1077 3770 mula
1095 3710 1290 3790 exprimatur:
1310 3708 1593 3788 Diliqotesupero-

356 3808 468 3867 cerem,
490 3807 545 3850 nee
565 3791 658 3857 semel
672 3791 704 3850 in
713 3808 791 3851 anno
801 3799 852 3852 aul
863 3789 957 3850 semel
995 3793 1091 3870 maio,
1110 3793 1183 3873 quia
1199 3810 1286 3854 amor
1299 3789 1437 3852 consistit
1453 3789 1485 3850 in
1496 3807 1530 3850 re
1543 3807 1593 3849 seu

359 3873 389 3934 in
403 3891 505 3936 mense
523 3871 622 3935 elicito
641 3874 774 3938 caritatis
791 3881 860 3936 actu
875 3881 957 3935 tanto
996 3875 1181 3952 substantia,
1200 3894 1262 3938 non
1280 3886 1382 3938 autem
1401 3873 1433 3934 in
1450 3873 1589 3935 formula.

392 4035 430 4102 (l)
446 4036 580 4088 decollet
598 4038 681 4089 Truct.
706 4044 734 4090 tle
755 4042 832 4092 derel.
858 4055 915 4107 cap.
931 4044 957 4102 7,
996 4039 1144 4091 bere.Cum
1161 4055 1210 4090 nee
1228 4039 1369 4105 potuissent
1386 4053 1435 4087 nee
1451 4035 1594 4086 debuissent

358 4109 431 4156 art.t
450 4103 486 4153 De
504 4111 687 4156 ceramum.
997 4107 1131 4174 quidpiam
1162 4106 1331 4157 determinate
1357 4105 1504 4164 affirmare,
1533 4101 1593 4153 illud

391 4170 430 4239 (Ξ)
451 4170 510 4220 Loe-
531 4171 575 4220 cil·
1000 4186 1084 4225 temen
1109 4173 1281 4225 determinare
1295 4173 1445 4223 votuerunt.
1471 4169 1593 4236 Quocirca

393 4241 431 4305 (ὅ)
447 4237 498 4288 late
516 4237 619 4287 loclesse
637 4237 757 4305 scopulus
775 4249 824 4300 est,
842 4238 959 4306 laquem
999 4243 1112 4292 contenti
1137 4258 1192 4292 esse
1216 4239 1364 4291 debuissent
1390 4238 1507 4290 indicere
1535 4239 1593 4288 illud

359 4305 649 4376 impegerunlauetores
661 4315 771 4372 quatuor
787 4307 889 4357 illrum
903 4324 961 4374 pro·
1000 4318 1162 4376 praeceptum
1196 4309 1298 4374 saepius
1326 4308 1352 4357 in
1387 4308 1439 4356 rita
1472 4305 1591 4371 obligare.

360 4376 527 4442 positionum,
545 4389 611 4439 quae
625 4373 738 4424 confixae
756 4383 827 4430 sunt,
845 4373 907 4424 dum
921 4375 960 4426 ni·
1000 4377 1067 4427 ilinc
1084 4385 1153 4427 recte
1181 4375 1281 4425 monuit
1304 4375 1461 4433 Suarezius,
1480 4371 1545 4438 disp.
1568 4377 1591 4433 ⁵,

361 4451 443 4492 tentes
471 4439 642 4492 determinare
670 4451 781 4507 tempus,
800 4441 962 4508 quosliquia
1000 4453 1063 4495 sect.
1080 4448 1108 4506 2,
1132 4442 1158 4493 id
1177 4443 1411 4509 potiusnegative,
1429 4456 1508 4507 quem
1529 4438 1593 4489 affir-

361 4525 407 4575 por
424 4525 451 4558 se
469 4509 494 4558 vi
513 4509 641 4576 praecepti
659 4517 789 4566 teneretur
806 4508 837 4558 ad
856 4510 961 4560 elicwn·
1002 4512 1096 4562 mutire
1122 4509 1287 4560 determinari
1305 4524 1385 4576 pause.
1416 4507 1444 4558 ln
1468 4507 1593 4557 nonnullis

361 4575 406 4624 dos
423 4575 517 4624 amoris
529 4583 616 4637 actus,
635 4585 731 4627 temere
743 4576 903 4636 effutierant,
916 4588 962 4629 arrt
1001 4577 1148 4630 difficilibus
1159 4577 1329 4644 practiciaquo
1345 4574 1540 4642 quaestionibus
1553 4589 1592 4623 su·

363 4657 506 4708 nunquam,
521 4651 566 4692 eut
583 4645 710 4696 rarissime
728 4643 793 4694 illud
811 4645 895 4696 locum
914 4644 962 4695 ba·
1002 4646 1110 4697 brictate
1126 4661 1157 4696 ec
1174 4643 1311 4711 prudentia
1328 4659 1392 4710 opus
1408 4651 1457 4694 est.
