<?xml version="1.0" encoding="UTF-8"?>
<!DOCTYPE html PUBLIC "-//W3C//DTD XHTML 1.0 Transitional//EN"
    "http://www.w3.org/TR/xhtml1/DTD/xhtml1-transitional.dtd">
<html xmlns="http://www.w3.org/1999/xhtml" xml:lang="en" lang="en">
 <head>
  <title>
</title>
<meta http-equiv="Content-Type" content="text/html;charset=utf-8" />
  <meta name='ocr-system' content='tesseract 3.04.00' />
  <meta name='ocr-capabilities' content='ocr_page ocr_carea ocr_par ocr_line ocrx_word'/>
</head>
<body>
  <div class='ocr_page' id='page_1' title='image "./praelectionesth09perrgoog/praelectionesth09perrgoog_0207.png"; bbox 0 0 3700 5659; ppageno 0'>
   <div class='ocr_carea' id='block_1_1' title="bbox 750 480 1409 544">
    <p class='ocr_par' dir='ltr' id='par_1_1' title="bbox 750 480 1409 544">
     <span class='ocr_line' id='line_1_1' title="bbox 750 480 1409 544; baseline 0.009 -8"><span class='ocrx_word' id='word_1_1' title='bbox 750 491 845 536; x_wconf 77' lang='lat' dir='ltr'><strong>aiem</strong></span> <span class='ocrx_word' id='word_1_2' title='bbox 865 491 903 538; x_wconf 83' lang='lat' dir='ltr'><strong>n.</strong></span> <span class='ocrx_word' id='word_1_3' title='bbox 1348 480 1409 544; x_wconf 74' lang='grc'><strong>195</strong></span> 
     </span>
    </p>
   </div>
   <div class='ocr_carea' id='block_1_2' title="bbox 191 578 1452 755">
    <p class='ocr_par' dir='ltr' id='par_1_2' title="bbox 191 578 1452 755">
     <span class='ocr_line' id='line_1_2' title="bbox 191 578 1452 669; baseline 0.009 -26"><span class='ocrx_word' id='word_1_4' title='bbox 191 581 363 644; x_wconf 71' lang='lat' dir='ltr'><strong>timolinam</strong></span> <span class='ocrx_word' id='word_1_5' title='bbox 377 598 430 662; x_wconf 85' lang='lat' dir='ltr'><strong>spe</strong></span> <span class='ocrx_word' id='word_1_6' title='bbox 446 580 623 658; x_wconf 79' lang='lat' dir='ltr'><strong>theologica.</strong></span> <span class='ocrx_word' id='word_1_7' title='bbox 638 578 669 640; x_wconf 94' lang='lat' dir='ltr'><strong>lo</strong></span> <span class='ocrx_word' id='word_1_8' title='bbox 685 600 744 661; x_wconf 90' lang='lat' dir='ltr'><strong>qua</strong></span> <span class='ocrx_word' id='word_1_9' title='bbox 757 585 808 662; x_wconf 77' lang='lat' dir='ltr'><strong>hp·</strong></span> <span class='ocrx_word' id='word_1_10' title='bbox 892 582 963 644; x_wconf 82' lang='grc'><strong>155.</strong></span> <span class='ocrx_word' id='word_1_11' title='bbox 995 580 1252 665; x_wconf 71' lang='lat' dir='ltr'><strong>praesumptionis</strong></span> <span class='ocrx_word' id='word_1_12' title='bbox 1270 607 1324 650; x_wconf 83' lang='lat' dir='ltr'><strong>nox</strong></span> <span class='ocrx_word' id='word_1_13' title='bbox 1355 598 1452 669; x_wconf 87' lang='lat' dir='ltr'><strong>potest</strong></span> 
     </span>
     <span class='ocr_line' id='line_1_3' title="bbox 194 665 1449 755; baseline 0.006 -27"><span class='ocrx_word' id='word_1_14' title='bbox 194 666 489 750; x_wconf 79' lang='lat' dir='ltr'><strong>p··tln·si.p1·ulixam&#39;</strong></span> <span class='ocrx_word' id='word_1_15' title='bbox 501 667 600 728; x_wconf 83' lang='lat' dir='ltr'><strong>solent</strong></span> <span class='ocrx_word' id='word_1_16' title='bbox 614 665 753 752; x_wconf 79' lang='lat' dir='ltr'><strong>adtexere</strong></span> <span class='ocrx_word' id='word_1_17' title='bbox 763 667 807 726; x_wconf 88' lang='lat' dir='ltr'><strong>di·</strong></span> <span class='ocrx_word' id='word_1_18' title='bbox 849 666 877 726; x_wconf 90' lang='lat' dir='ltr'><strong>io</strong></span> <span class='ocrx_word' id='word_1_19' title='bbox 899 667 1010 728; x_wconf 90' lang='lat' dir='ltr'><strong>bouum</strong></span> <span class='ocrx_word' id='word_1_20' title='bbox 1026 687 1060 728; x_wconf 89' lang='lat' dir='ltr'><strong>ae</strong></span> <span class='ocrx_word' id='word_1_21' title='bbox 1077 672 1187 732; x_wconf 84' lang='lat' dir='ltr'><strong>malurn</strong></span> <span class='ocrx_word' id='word_1_22' title='bbox 1205 691 1327 734; x_wconf 92' lang='lat' dir='ltr'><strong>sensum</strong></span> <span class='ocrx_word' id='word_1_23' title='bbox 1340 675 1449 755; x_wconf 80' lang='lat' dir='ltr'>accipi.</span> 
     </span>
    </p>
   </div>
   <div class='ocr_carea' id='block_1_3' title="bbox 192 749 1452 920">
    <p class='ocr_par' dir='ltr' id='par_1_3' title="bbox 192 749 1452 920">
     <span class='ocr_line' id='line_1_4' title="bbox 192 749 1452 835; baseline 0.006 -22"><span class='ocrx_word' id='word_1_24' title='bbox 192 753 405 835; x_wconf 70' lang='lat' dir='ltr'><strong>speculationem</strong></span> <span class='ocrx_word' id='word_1_25' title='bbox 421 751 483 830; x_wconf 89' lang='grc' dir='ltr'><strong>(Ι).</strong></span> <span class='ocrx_word' id='word_1_26' title='bbox 851 749 880 810; x_wconf 96' lang='lat' dir='ltr'><strong>ln</strong></span> <span class='ocrx_word' id='word_1_27' title='bbox 901 752 996 830; x_wconf 93' lang='lat' dir='ltr'><strong>primo</strong></span> <span class='ocrx_word' id='word_1_28' title='bbox 1014 770 1106 813; x_wconf 89' lang='lat' dir='ltr'><strong>sensu</strong></span> <span class='ocrx_word' id='word_1_29' title='bbox 1121 755 1243 816; x_wconf 85' lang='lat' dir='ltr'><strong>deirotat</strong></span> <span class='ocrx_word' id='word_1_30' title='bbox 1258 758 1452 821; x_wconf 75' lang='lat' dir='ltr'><strong>excellentem</strong></span> 
     </span>
     <span class='ocr_line' id='line_1_5' title="bbox 242 831 1451 920; baseline 0.007 -24"><span class='ocrx_word' id='word_1_31' title='bbox 242 836 319 898; x_wconf 72' lang='lat'><strong>152.</strong></span> <span class='ocrx_word' id='word_1_32' title='bbox 337 835 390 896; x_wconf 81' lang='lat' dir='ltr'><strong>hst</strong></span> <span class='ocrx_word' id='word_1_33' title='bbox 408 831 657 896; x_wconf 82' lang='lat' dir='ltr'><strong>coms.&#39;l&#39;liomas</strong></span> <span class='ocrx_word' id='word_1_34' title='bbox 676 831 808 894; x_wconf 85' lang='lat' dir='ltr'><strong>eiusinu·</strong></span> <span class='ocrx_word' id='word_1_35' title='bbox 853 836 1003 914; x_wconf 89' lang='lat' dir='ltr'><strong>quandam</strong></span> <span class='ocrx_word' id='word_1_36' title='bbox 1034 836 1198 916; x_wconf 87' lang='lat' dir='ltr'><strong>lidueiam,</strong></span> <span class='ocrx_word' id='word_1_37' title='bbox 1224 849 1257 899; x_wconf 91' lang='lat' dir='ltr'><strong>ut</strong></span> <span class='ocrx_word' id='word_1_38' title='bbox 1283 840 1381 902; x_wconf 88' lang='lat' dir='ltr'><strong>iudith</strong></span> <span class='ocrx_word' id='word_1_39' title='bbox 1409 859 1451 920; x_wconf 84' lang='lat' dir='ltr'><strong>vr,</strong></span> 
     </span>
    </p>
   </div>
   <div class='ocr_carea' id='block_1_4' title="bbox 195 916 1481 4262">
    <p class='ocr_par' dir='ltr' id='par_1_4' title="bbox 195 916 1481 2429">
     <span class='ocr_line' id='line_1_6' title="bbox 195 916 1456 1002; baseline 0.005 -21"><span class='ocrx_word' id='word_1_40' title='bbox 195 920 228 981; x_wconf 92' lang='lat' dir='ltr'><strong>di</strong></span> <span class='ocrx_word' id='word_1_41' title='bbox 252 918 459 1000; x_wconf 78' lang='lat' dir='ltr'><strong>hypothesim,</strong></span> <span class='ocrx_word' id='word_1_42' title='bbox 490 918 595 984; x_wconf 80' lang='lat' dir='ltr'><strong>saltem</strong></span> <span class='ocrx_word' id='word_1_43' title='bbox 621 917 658 978; x_wconf 91' lang='lat' dir='ltr'><strong>de</strong></span> <span class='ocrx_word' id='word_1_44' title='bbox 677 917 808 997; x_wconf 89' lang='lat' dir='ltr'><strong>putentia</strong></span> <span class='ocrx_word' id='word_1_45' title='bbox 851 920 909 980; x_wconf 81' lang='lat' dir='ltr'><strong>lh:</strong></span> <span class='ocrx_word' id='word_1_46' title='bbox 943 921 1009 982; x_wconf 88' lang='lat' dir='ltr'><strong>Noa</strong></span> <span class='ocrx_word' id='word_1_47' title='bbox 1036 916 1456 1002; x_wconf 78' lang='lat' dir='ltr'><strong>derelinquispraesumentes¹</strong></span> 
     </span>
     <span class='ocr_line' id='line_1_7' title="bbox 196 999 1454 1082; baseline 0.005 -17"><span class='ocrx_word' id='word_1_48' title='bbox 196 1004 373 1079; x_wconf 87' lang='lat' dir='ltr'><strong>ordinaria,</strong></span> <span class='ocrx_word' id='word_1_49' title='bbox 387 1001 764 1082; x_wconf 83' lang='lat' dir='ltr'><strong>existimetiropossihilem</strong></span> <span class='ocrx_word' id='word_1_50' title='bbox 778 999 807 1061; x_wconf 95' lang='lat' dir='ltr'><strong>io</strong></span> <span class='ocrx_word' id='word_1_51' title='bbox 850 1005 884 1064; x_wconf 88' lang='lat' dir='ltr'><strong>de</strong></span> <span class='ocrx_word' id='word_1_52' title='bbox 904 1011 932 1064; x_wconf 91' lang='lat' dir='ltr'><strong>te</strong></span> <span class='ocrx_word' id='word_1_53' title='bbox 944 1027 958 1078; x_wconf 89' lang='lat'><em>;</em></span> <span class='ocrx_word' id='word_1_54' title='bbox 979 1013 1009 1068; x_wconf 88' lang='lat' dir='ltr'><strong>et</strong></span> <span class='ocrx_word' id='word_1_55' title='bbox 1041 1004 1149 1066; x_wconf 87' lang='lat' dir='ltr'><strong>iterum</strong></span> <span class='ocrx_word' id='word_1_56' title='bbox 1179 1025 1219 1081; x_wconf 81' lang='lat' dir='ltr'><strong>rx,</strong></span> <span class='ocrx_word' id='word_1_57' title='bbox 1248 1010 1285 1068; x_wconf 85' lang='lat' dir='ltr'><strong>ll</strong></span> <span class='ocrx_word' id='word_1_58' title='bbox 1298 1028 1310 1076; x_wconf 75' lang='grc' dir='ltr'><strong>ε,</strong></span> <span class='ocrx_word' id='word_1_59' title='bbox 1328 1010 1454 1072; x_wconf 69' lang='lat' dir='ltr'><strong>ornator·</strong></span> 
     </span>
     <span class='ocr_line' id='line_1_8' title="bbox 197 1084 1455 1168; baseline 0.006 -19"><span class='ocrx_word' id='word_1_60' title='bbox 197 1108 296 1150; x_wconf 89' lang='lat' dir='ltr'><strong>sensu</strong></span> <span class='ocrx_word' id='word_1_61' title='bbox 315 1087 469 1158; x_wconf 89' lang='lat' dir='ltr'><strong>absoluto,</strong></span> <span class='ocrx_word' id='word_1_62' title='bbox 489 1085 542 1147; x_wconf 90' lang='lat' dir='ltr'><strong>sed</strong></span> <span class='ocrx_word' id='word_1_63' title='bbox 559 1088 656 1147; x_wconf 93' lang='lat' dir='ltr'><strong>sulum</strong></span> <span class='ocrx_word' id='word_1_64' title='bbox 677 1084 809 1166; x_wconf 90' lang='lat' dir='ltr'><strong>possibi-</strong></span> <span class='ocrx_word' id='word_1_65' title='bbox 851 1087 1051 1153; x_wconf 82' lang='lat' dir='ltr'><strong>memineram</strong></span> <span class='ocrx_word' id='word_1_66' title='bbox 1069 1091 1282 1168; x_wconf 78' lang='lat' dir='ltr'><strong>deprecantem,</strong></span> <span class='ocrx_word' id='word_1_67' title='bbox 1302 1093 1381 1154; x_wconf 87' lang='lat' dir='ltr'><strong>etde</strong></span> <span class='ocrx_word' id='word_1_68' title='bbox 1400 1102 1455 1156; x_wconf 91' lang='lat' dir='ltr'><strong>tua</strong></span> 
     </span>
     <span class='ocr_line' id='line_1_9' title="bbox 197 1169 1454 1251; baseline 0.004 -17"><span class='ocrx_word' id='word_1_69' title='bbox 197 1173 260 1234; x_wconf 90' lang='lat' dir='ltr'><strong>lem</strong></span> <span class='ocrx_word' id='word_1_70' title='bbox 282 1172 316 1232; x_wconf 93' lang='lat' dir='ltr'><strong>io</strong></span> <span class='ocrx_word' id='word_1_71' title='bbox 335 1188 424 1232; x_wconf 90' lang='lat' dir='ltr'><strong>sensu</strong></span> <span class='ocrx_word' id='word_1_72' title='bbox 440 1169 669 1232; x_wconf 89' lang='lat' dir='ltr'><strong>comioioatorio</strong></span> <span class='ocrx_word' id='word_1_73' title='bbox 687 1177 717 1230; x_wconf 92' lang='lat' dir='ltr'><strong>et</strong></span> <span class='ocrx_word' id='word_1_74' title='bbox 735 1187 809 1230; x_wconf 91' lang='lat' dir='ltr'><strong>cno-</strong></span> <span class='ocrx_word' id='word_1_75' title='bbox 851 1173 1055 1234; x_wconf 74' lang='lat' dir='ltr'><strong>misericordia</strong></span> <span class='ocrx_word' id='word_1_76' title='bbox 1082 1185 1329 1251; x_wconf 81' lang='lat' dir='ltr'><strong>praesumentem.</strong></span> <span class='ocrx_word' id='word_1_77' title='bbox 1356 1175 1387 1238; x_wconf 94' lang='lat' dir='ltr'><strong>ln</strong></span> <span class='ocrx_word' id='word_1_78' title='bbox 1406 1179 1454 1239; x_wconf 90' lang='lat' dir='ltr'><strong>al-</strong></span> 
     </span>
     <span class='ocr_line' id='line_1_10' title="bbox 198 1253 1454 1338; baseline 0.004 -22"><span class='ocrx_word' id='word_1_79' title='bbox 198 1257 368 1332; x_wconf 86' lang='lat' dir='ltr'><strong>ditiooato,</strong></span> <span class='ocrx_word' id='word_1_80' title='bbox 388 1255 427 1316; x_wconf 93' lang='lat' dir='ltr'><strong>oh</strong></span> <span class='ocrx_word' id='word_1_81' title='bbox 445 1273 548 1334; x_wconf 76' lang='lat' dir='ltr'><strong>graves</strong></span> <span class='ocrx_word' id='word_1_82' title='bbox 567 1273 642 1335; x_wconf 86' lang='lat' dir='ltr'><strong>quas</strong></span> <span class='ocrx_word' id='word_1_83' title='bbox 661 1253 747 1314; x_wconf 86' lang='lat' dir='ltr'><strong>allert</strong></span> <span class='ocrx_word' id='word_1_84' title='bbox 759 1272 810 1314; x_wconf 88' lang='lat' dir='ltr'><strong>ra·</strong></span> <span class='ocrx_word' id='word_1_85' title='bbox 853 1263 915 1317; x_wconf 91' lang='lat' dir='ltr'><strong>tero</strong></span> <span class='ocrx_word' id='word_1_86' title='bbox 931 1274 1021 1318; x_wconf 91' lang='lat' dir='ltr'><strong>sensu</strong></span> <span class='ocrx_word' id='word_1_87' title='bbox 1043 1257 1128 1332; x_wconf 83' lang='lat' dir='ltr'><strong>longe</strong></span> <span class='ocrx_word' id='word_1_88' title='bbox 1143 1257 1339 1338; x_wconf 78' lang='lat' dir='ltr'><strong>frequentiori</strong></span> <span class='ocrx_word' id='word_1_89' title='bbox 1358 1260 1454 1337; x_wconf 80' lang='lat' dir='ltr'><strong>signi·-</strong></span> 
     </span>
     <span class='ocr_line' id='line_1_11' title="bbox 199 1335 1455 1419; baseline 0.004 -17"><span class='ocrx_word' id='word_1_90' title='bbox 199 1342 318 1416; x_wconf 90' lang='lat' dir='ltr'><strong>tiunes,</strong></span> <span class='ocrx_word' id='word_1_91' title='bbox 338 1357 404 1399; x_wconf 89' lang='lat' dir='ltr'><strong>cum</strong></span> <span class='ocrx_word' id='word_1_92' title='bbox 424 1348 590 1419; x_wconf 80' lang='lat' dir='ltr'><strong>repugnet,</strong></span> <span class='ocrx_word' id='word_1_93' title='bbox 624 1335 812 1400; x_wconf 88' lang='lat' dir='ltr'><strong>considerata</strong></span> <span class='ocrx_word' id='word_1_94' title='bbox 851 1342 919 1402; x_wconf 83' lang='lat' dir='ltr'><strong>duat</strong></span> <span class='ocrx_word' id='word_1_95' title='bbox 938 1340 1139 1402; x_wconf 88' lang='lat' dir='ltr'><strong>inordinatum</strong></span> <span class='ocrx_word' id='word_1_96' title='bbox 1161 1343 1280 1404; x_wconf 89' lang='lat' dir='ltr'><strong>modum</strong></span> <span class='ocrx_word' id='word_1_97' title='bbox 1304 1344 1384 1406; x_wconf 88' lang='lat' dir='ltr'><strong>circa</strong></span> <span class='ocrx_word' id='word_1_98' title='bbox 1404 1346 1455 1407; x_wconf 93' lang='lat' dir='ltr'><strong>bo·</strong></span> 
     </span>
     <span class='ocr_line' id='line_1_12' title="bbox 199 1421 1453 1504; baseline 0.003 -18"><span class='ocrx_word' id='word_1_99' title='bbox 199 1425 297 1486; x_wconf 89' lang='lat' dir='ltr'><strong>simul</strong></span> <span class='ocrx_word' id='word_1_100' title='bbox 318 1421 519 1484; x_wconf 85' lang='lat' dir='ltr'><strong>lleibooitate</strong></span> <span class='ocrx_word' id='word_1_101' title='bbox 535 1433 564 1484; x_wconf 91' lang='lat' dir='ltr'><strong>et</strong></span> <span class='ocrx_word' id='word_1_102' title='bbox 578 1421 724 1502; x_wconf 90' lang='lat' dir='ltr'><strong>sapientia</strong></span> <span class='ocrx_word' id='word_1_103' title='bbox 740 1421 809 1499; x_wconf 64' lang='lat'>(2);</span> <span class='ocrx_word' id='word_1_104' title='bbox 852 1445 889 1486; x_wconf 88' lang='lat' dir='ltr'><strong>oa</strong></span> <span class='ocrx_word' id='word_1_105' title='bbox 907 1425 1159 1504; x_wconf 86' lang='lat' dir='ltr'><strong>supernaturalia,</strong></span> <span class='ocrx_word' id='word_1_106' title='bbox 1180 1446 1213 1486; x_wconf 89' lang='lat' dir='ltr'><strong>ac</strong></span> <span class='ocrx_word' id='word_1_107' title='bbox 1230 1427 1349 1488; x_wconf 82' lang='lat' dir='ltr'><strong>deliniri</strong></span> <span class='ocrx_word' id='word_1_108' title='bbox 1377 1447 1453 1490; x_wconf 89' lang='lat' dir='ltr'><strong>cuo·</strong></span> 
     </span>
     <span class='ocr_line' id='line_1_13' title="bbox 200 1505 1455 1593; baseline 0.004 -24"><span class='ocrx_word' id='word_1_109' title='bbox 200 1509 274 1570; x_wconf 90' lang='lat' dir='ltr'><strong>ideo</strong></span> <span class='ocrx_word' id='word_1_110' title='bbox 289 1508 379 1589; x_wconf 91' lang='lat' dir='ltr'><strong>plaoe</strong></span> <span class='ocrx_word' id='word_1_111' title='bbox 392 1505 501 1570; x_wconf 89' lang='lat' dir='ltr'><strong>inutile</strong></span> <span class='ocrx_word' id='word_1_112' title='bbox 515 1525 624 1568; x_wconf 86' lang='lat' dir='ltr'><strong>censeo</strong></span> <span class='ocrx_word' id='word_1_113' title='bbox 639 1505 734 1566; x_wconf 86' lang='lat' dir='ltr'><strong>inille</strong></span> <span class='ocrx_word' id='word_1_114' title='bbox 749 1505 813 1566; x_wconf 89' lang='lat' dir='ltr'><strong>diu·</strong></span> <span class='ocrx_word' id='word_1_115' title='bbox 852 1509 967 1572; x_wconf 83' lang='lat' dir='ltr'><strong>suevit:</strong></span> <span class='ocrx_word' id='word_1_116' title='bbox 995 1509 1016 1570; x_wconf 87' lang='lat' dir='ltr'><strong>F</strong></span> <span class='ocrx_word' id='word_1_117' title='bbox 1020 1509 1102 1570; x_wconf 89' lang='lat' dir='ltr'><strong>utilis</strong></span> <span class='ocrx_word' id='word_1_118' title='bbox 1119 1518 1149 1570; x_wconf 89' lang='lat' dir='ltr'><strong>et</strong></span> <span class='ocrx_word' id='word_1_119' title='bbox 1182 1512 1341 1572; x_wconf 87' lang='lat' dir='ltr'><strong>temeraria</strong></span> <span class='ocrx_word' id='word_1_120' title='bbox 1363 1532 1455 1593; x_wconf 82' lang='lat' dir='ltr'><strong>eupe-</strong></span> 
     </span>
     <span class='ocr_line' id='line_1_14' title="bbox 202 1588 1456 1670; baseline 0.002 -16"><span class='ocrx_word' id='word_1_121' title='bbox 202 1594 268 1656; x_wconf 89' lang='lat' dir='ltr'><strong>tius</strong></span> <span class='ocrx_word' id='word_1_122' title='bbox 287 1593 412 1652; x_wconf 88' lang='lat' dir='ltr'><strong>uersari.</strong></span> <span class='ocrx_word' id='word_1_123' title='bbox 441 1588 478 1654; x_wconf 91' lang='lat' dir='ltr'><strong>Ut</strong></span> <span class='ocrx_word' id='word_1_124' title='bbox 495 1591 574 1654; x_wconf 92' lang='lat' dir='ltr'><strong>eoim</strong></span> <span class='ocrx_word' id='word_1_125' title='bbox 598 1599 696 1650; x_wconf 89' lang='lat' dir='ltr'><strong>cetera</strong></span> <span class='ocrx_word' id='word_1_126' title='bbox 725 1609 812 1670; x_wconf 84' lang='lat' dir='ltr'><strong>prae·</strong></span> <span class='ocrx_word' id='word_1_127' title='bbox 852 1594 942 1656; x_wconf 87' lang='lat' dir='ltr'><strong>etalio</strong></span> <span class='ocrx_word' id='word_1_128' title='bbox 961 1593 1156 1654; x_wconf 86' lang='lat' dir='ltr'><strong>beatitudinis</strong></span> <span class='ocrx_word' id='word_1_129' title='bbox 1175 1604 1205 1655; x_wconf 89' lang='lat' dir='ltr'><strong>et</strong></span> <span class='ocrx_word' id='word_1_130' title='bbox 1228 1596 1395 1658; x_wconf 83' lang='lat' dir='ltr'><strong>mediorum</strong></span> <span class='ocrx_word' id='word_1_131' title='bbox 1416 1598 1456 1657; x_wconf 88' lang='lat' dir='ltr'><strong>il-</strong></span> 
     </span>
     <span class='ocr_line' id='line_1_15' title="bbox 202 1673 1457 1756; baseline 0.006 -19"><span class='ocrx_word' id='word_1_132' title='bbox 202 1687 349 1753; x_wconf 88' lang='lat' dir='ltr'><strong>teream,</strong></span> <span class='ocrx_word' id='word_1_133' title='bbox 377 1694 437 1736; x_wconf 94' lang='lat' dir='ltr'><strong>non</strong></span> <span class='ocrx_word' id='word_1_134' title='bbox 464 1674 582 1736; x_wconf 86' lang='lat' dir='ltr'><strong>uidetur</strong></span> <span class='ocrx_word' id='word_1_135' title='bbox 603 1673 720 1734; x_wconf 87' lang='lat' dir='ltr'><strong>divinae</strong></span> <span class='ocrx_word' id='word_1_136' title='bbox 738 1693 812 1734; x_wconf 90' lang='lat' dir='ltr'><strong>uuo·</strong></span> <span class='ocrx_word' id='word_1_137' title='bbox 855 1679 912 1738; x_wconf 92' lang='lat' dir='ltr'><strong>lios</strong></span> <span class='ocrx_word' id='word_1_138' title='bbox 927 1677 1154 1756; x_wconf 81' lang='lat' dir='ltr'><strong>assequendae,</strong></span> <span class='ocrx_word' id='word_1_139' title='bbox 1180 1697 1256 1740; x_wconf 86' lang='lat' dir='ltr'><strong>seu:</strong></span> <span class='ocrx_word' id='word_1_140' title='bbox 1284 1679 1457 1744; x_wconf 88' lang='lat' dir='ltr'><strong>loordioota</strong></span> 
     </span>
     <span class='ocr_line' id='line_1_16' title="bbox 200 1757 1458 1842; baseline 0.002 -20"><span class='ocrx_word' id='word_1_141' title='bbox 200 1770 386 1824; x_wconf 80' lang='lat' dir='ltr'><strong>sentuosum</strong></span> <span class='ocrx_word' id='word_1_142' title='bbox 418 1757 565 1834; x_wconf 89' lang='lat' dir='ltr'><strong>bonitati,</strong></span> <span class='ocrx_word' id='word_1_143' title='bbox 598 1757 763 1842; x_wconf 86' lang='lat' dir='ltr'><strong>sapientiae</strong></span> <span class='ocrx_word' id='word_1_144' title='bbox 784 1768 814 1819; x_wconf 88' lang='lat' dir='ltr'><strong>et</strong></span> <span class='ocrx_word' id='word_1_145' title='bbox 854 1761 1458 1825; x_wconf 85' lang='lat' dir='ltr'><strong>fiduciahealitudioema[leoohtioen-</strong></span> 
     </span>
     <span class='ocr_line' id='line_1_17' title="bbox 205 1841 1457 1926; baseline 0.002 -20"><span class='ocrx_word' id='word_1_146' title='bbox 205 1844 417 1926; x_wconf 80' lang='lat' dir='ltr'><strong>prouidentiae</strong></span> <span class='ocrx_word' id='word_1_147' title='bbox 447 1841 597 1904; x_wconf 89' lang='lat' dir='ltr'><strong>huminem</strong></span> <span class='ocrx_word' id='word_1_148' title='bbox 620 1842 763 1902; x_wconf 87' lang='lat' dir='ltr'><strong>viatorem</strong></span> <span class='ocrx_word' id='word_1_149' title='bbox 783 1842 813 1902; x_wconf 94' lang='lat' dir='ltr'><strong>io</strong></span> <span class='ocrx_word' id='word_1_150' title='bbox 853 1845 882 1906; x_wconf 94' lang='lat' dir='ltr'><strong>di</strong></span> <span class='ocrx_word' id='word_1_151' title='bbox 901 1846 1114 1926; x_wconf 85' lang='lat' dir='ltr'><strong>aliter,.qua1o</strong></span> <span class='ocrx_word' id='word_1_152' title='bbox 1134 1846 1198 1924; x_wconf 92' lang='lat' dir='ltr'><strong>ipse</strong></span> <span class='ocrx_word' id='word_1_153' title='bbox 1220 1849 1376 1922; x_wconf 86' lang='lat' dir='ltr'><strong>statuerit;</strong></span> <span class='ocrx_word' id='word_1_154' title='bbox 1401 1868 1457 1910; x_wconf 89' lang='lat' dir='ltr'><strong>cu·</strong></span> 
     </span>
     <span class='ocr_line' id='line_1_18' title="bbox 205 1927 1457 2010; baseline 0.003 -21"><span class='ocrx_word' id='word_1_155' title='bbox 205 1927 815 2006; x_wconf 86' lang='lat' dir='ltr'><strong>eustatucoostituere,ioquoooopos-</strong></span> <span class='ocrx_word' id='word_1_156' title='bbox 855 1929 984 1990; x_wconf 85' lang='lat' dir='ltr'><strong>iusmodi</strong></span> <span class='ocrx_word' id='word_1_157' title='bbox 1020 1938 1066 1990; x_wconf 86' lang='lat' dir='ltr'><strong>est</strong></span> <span class='ocrx_word' id='word_1_158' title='bbox 1101 1930 1319 1993; x_wconf 89' lang='lat' dir='ltr'><strong>haeretieorum</strong></span> <span class='ocrx_word' id='word_1_159' title='bbox 1354 1943 1457 2010; x_wconf 88' lang='lat' dir='ltr'><strong>prute-</strong></span> 
     </span>
     <span class='ocr_line' id='line_1_19' title="bbox 204 2010 1453 2093; baseline 0.002 -19"><span class='ocrx_word' id='word_1_160' title='bbox 204 2014 247 2074; x_wconf 86' lang='lat' dir='ltr'><strong>sit</strong></span> <span class='ocrx_word' id='word_1_161' title='bbox 267 2013 373 2074; x_wconf 79' lang='lat' dir='ltr'><strong>carnari</strong></span> <span class='ocrx_word' id='word_1_162' title='bbox 392 2011 429 2074; x_wconf 86' lang='lat' dir='ltr'><strong>ad</strong></span> <span class='ocrx_word' id='word_1_163' title='bbox 455 2029 543 2074; x_wconf 87' lang='lat' dir='ltr'><strong>suum</strong></span> <span class='ocrx_word' id='word_1_164' title='bbox 567 2010 705 2073; x_wconf 89' lang='lat' dir='ltr'><strong>ultimum</strong></span> <span class='ocrx_word' id='word_1_165' title='bbox 725 2011 813 2072; x_wconf 86' lang='lat' dir='ltr'><strong>finem</strong></span> <span class='ocrx_word' id='word_1_166' title='bbox 855 2014 1018 2086; x_wconf 86' lang='lat' dir='ltr'><strong>stantium,</strong></span> <span class='ocrx_word' id='word_1_167' title='bbox 1050 2011 1102 2093; x_wconf 92' lang='lat' dir='ltr'><strong>qui</strong></span> <span class='ocrx_word' id='word_1_168' title='bbox 1126 2022 1294 2090; x_wconf 90' lang='lat' dir='ltr'><strong>autumant,</strong></span> <span class='ocrx_word' id='word_1_169' title='bbox 1325 2016 1453 2076; x_wconf 87' lang='lat' dir='ltr'><strong>salutem</strong></span> 
     </span>
     <span class='ocr_line' id='line_1_20' title="bbox 205 2092 1457 2177; baseline 0.002 -20"><span class='ocrx_word' id='word_1_170' title='bbox 205 2095 471 2176; x_wconf 87' lang='lat' dir='ltr'><strong>consequendum,</strong></span> <span class='ocrx_word' id='word_1_171' title='bbox 491 2114 526 2156; x_wconf 87' lang='lat' dir='ltr'><strong>aa</strong></span> <span class='ocrx_word' id='word_1_172' title='bbox 539 2103 639 2176; x_wconf 86' lang='lat' dir='ltr'><strong>posset</strong></span> <span class='ocrx_word' id='word_1_173' title='bbox 655 2092 737 2157; x_wconf 90' lang='lat' dir='ltr'><strong>licite</strong></span> <span class='ocrx_word' id='word_1_174' title='bbox 756 2095 815 2154; x_wconf 85' lang='lat' dir='ltr'><strong>uel·</strong></span> <span class='ocrx_word' id='word_1_175' title='bbox 856 2097 985 2158; x_wconf 89' lang='lat' dir='ltr'><strong>ohtioeri</strong></span> <span class='ocrx_word' id='word_1_176' title='bbox 1005 2114 1058 2177; x_wconf 93' lang='lat' dir='ltr'><strong>per</strong></span> <span class='ocrx_word' id='word_1_177' title='bbox 1071 2097 1166 2157; x_wconf 90' lang='lat' dir='ltr'><strong>sulam</strong></span> <span class='ocrx_word' id='word_1_178' title='bbox 1187 2098 1274 2157; x_wconf 88' lang='lat' dir='ltr'><strong>[idem</strong></span> <span class='ocrx_word' id='word_1_179' title='bbox 1297 2098 1362 2159; x_wconf 90' lang='lat' dir='ltr'><strong>siue</strong></span> <span class='ocrx_word' id='word_1_180' title='bbox 1381 2117 1457 2177; x_wconf 90' lang='lat' dir='ltr'><strong>ope-</strong></span> 
     </span>
     <span class='ocr_line' id='line_1_21' title="bbox 204 2178 1455 2259; baseline 0.002 -17"><span class='ocrx_word' id='word_1_181' title='bbox 204 2181 235 2242; x_wconf 90' lang='lat' dir='ltr'><strong>le</strong></span> <span class='ocrx_word' id='word_1_182' title='bbox 256 2200 343 2242; x_wconf 88' lang='lat' dir='ltr'><strong>snam</strong></span> <span class='ocrx_word' id='word_1_183' title='bbox 370 2179 591 2240; x_wconf 80' lang='lat' dir='ltr'><strong>damnationem</strong></span> <span class='ocrx_word' id='word_1_184' title='bbox 621 2196 676 2258; x_wconf 86' lang='lat' dir='ltr'><strong>per</strong></span> <span class='ocrx_word' id='word_1_185' title='bbox 693 2178 815 2240; x_wconf 87' lang='lat' dir='ltr'><strong>coolor-</strong></span> <span class='ocrx_word' id='word_1_186' title='bbox 855 2181 951 2256; x_wconf 89' lang='lat' dir='ltr'><strong>ribus,</strong></span> <span class='ocrx_word' id='word_1_187' title='bbox 972 2182 1016 2241; x_wconf 88' lang='lat' dir='ltr'><strong>vel</strong></span> <span class='ocrx_word' id='word_1_188' title='bbox 1044 2199 1096 2259; x_wconf 89' lang='lat' dir='ltr'><strong>per</strong></span> <span class='ocrx_word' id='word_1_189' title='bbox 1112 2180 1192 2241; x_wconf 87' lang='lat' dir='ltr'><strong>solas</strong></span> <span class='ocrx_word' id='word_1_190' title='bbox 1216 2191 1341 2242; x_wconf 85' lang='lat' dir='ltr'><strong>naturae</strong></span> <span class='ocrx_word' id='word_1_191' title='bbox 1358 2182 1455 2244; x_wconf 85' lang='lat' dir='ltr'><strong>uires:</strong></span> 
     </span>
     <span class='ocr_line' id='line_1_22' title="bbox 207 2261 1455 2345; baseline 0 -19"><span class='ocrx_word' id='word_1_192' title='bbox 207 2265 346 2326; x_wconf 84' lang='lat' dir='ltr'><strong>mitatem</strong></span> <span class='ocrx_word' id='word_1_193' title='bbox 363 2263 507 2326; x_wconf 83' lang='lat' dir='ltr'><strong>voluntati</strong></span> <span class='ocrx_word' id='word_1_194' title='bbox 524 2263 658 2340; x_wconf 76' lang='lat' dir='ltr'><strong>ditioae3</strong></span> <span class='ocrx_word' id='word_1_195' title='bbox 678 2261 759 2344; x_wconf 91' lang='lat' dir='ltr'><strong>quod</strong></span> <span class='ocrx_word' id='word_1_196' title='bbox 771 2271 818 2324; x_wconf 86' lang='lat' dir='ltr'><strong>est</strong></span> <span class='ocrx_word' id='word_1_197' title='bbox 856 2284 933 2345; x_wconf 86' lang='lat' dir='ltr'><strong>quae</strong></span> <span class='ocrx_word' id='word_1_198' title='bbox 943 2265 997 2325; x_wconf 92' lang='lat' dir='ltr'><strong>luit</strong></span> <span class='ocrx_word' id='word_1_199' title='bbox 1008 2265 1209 2343; x_wconf 84' lang='lat' dir='ltr'><strong>praesumptio</strong></span> <span class='ocrx_word' id='word_1_200' title='bbox 1219 2265 1455 2344; x_wconf 75' lang='lat' dir='ltr'><strong>pelagianorum.</strong></span> 
     </span>
     <span class='ocr_line' id='line_1_23' title="bbox 207 2345 1481 2429; baseline -0.003 -19"><span class='ocrx_word' id='word_1_201' title='bbox 207 2349 360 2410; x_wconf 85' lang='lat' dir='ltr'><strong>horribile</strong></span> <span class='ocrx_word' id='word_1_202' title='bbox 378 2347 459 2408; x_wconf 90' lang='lat' dir='ltr'><strong>dictu</strong></span> <span class='ocrx_word' id='word_1_203' title='bbox 477 2347 538 2426; x_wconf 87' lang='lat'>(3).</span> <span class='ocrx_word' id='word_1_204' title='bbox 900 2350 972 2410; x_wconf 75' lang='lat' dir='ltr'><strong>too.</strong></span> <span class='ocrx_word' id='word_1_205' title='bbox 1002 2345 1278 2427; x_wconf 89' lang='lat' dir='ltr'><strong>Pruesurnptiouem</strong></span> <span class='ocrx_word' id='word_1_206' title='bbox 1302 2368 1369 2410; x_wconf 88' lang='lat' dir='ltr'><strong>esse</strong></span> <span class='ocrx_word' id='word_1_207' title='bbox 1387 2369 1458 2429; x_wconf 90' lang='lat' dir='ltr'><strong>pra·</strong></span> <span class='ocrx_word' id='word_1_208' title='bbox 1477 2402 1481 2406; x_wconf 85' lang='lat'>.</span> 
     </span>
    </p>

    <p class='ocr_par' dir='ltr' id='par_1_5' title="bbox 208 2428 1464 3772">
     <span class='ocr_line' id='line_1_24' title="bbox 256 2428 1458 2514; baseline 0.002 -22"><span class='ocrx_word' id='word_1_209' title='bbox 256 2434 329 2492; x_wconf 85' lang='grc'><strong>153.</strong></span> <span class='ocrx_word' id='word_1_210' title='bbox 353 2431 491 2494; x_wconf 85' lang='lat' dir='ltr'><strong>Ceterum</strong></span> <span class='ocrx_word' id='word_1_211' title='bbox 511 2449 571 2493; x_wconf 89' lang='lat' dir='ltr'><strong>noo</strong></span> <span class='ocrx_word' id='word_1_212' title='bbox 589 2428 678 2490; x_wconf 90' lang='lat' dir='ltr'><strong>debet</strong></span> <span class='ocrx_word' id='word_1_213' title='bbox 692 2429 816 2490; x_wconf 88' lang='lat' dir='ltr'><strong>cooloo-</strong></span> <span class='ocrx_word' id='word_1_214' title='bbox 856 2451 921 2494; x_wconf 86' lang='lat' dir='ltr'><strong>vam</strong></span> <span class='ocrx_word' id='word_1_215' title='bbox 941 2442 1033 2512; x_wconf 89' lang='lat' dir='ltr'><strong>atque</strong></span> <span class='ocrx_word' id='word_1_216' title='bbox 1049 2432 1149 2492; x_wconf 84' lang='lat' dir='ltr'><strong>virtuti</strong></span> <span class='ocrx_word' id='word_1_217' title='bbox 1165 2433 1228 2513; x_wconf 89' lang='lat' dir='ltr'><strong>spei</strong></span> <span class='ocrx_word' id='word_1_218' title='bbox 1246 2451 1282 2493; x_wconf 92' lang='lat' dir='ltr'><strong>ac</strong></span> <span class='ocrx_word' id='word_1_219' title='bbox 1300 2443 1458 2514; x_wconf 81' lang='lat' dir='ltr'><strong>praecepto</strong></span> 
     </span>
     <span class='ocr_line' id='line_1_25' title="bbox 208 2513 1457 2598; baseline 0 -21"><span class='ocrx_word' id='word_1_220' title='bbox 208 2517 241 2577; x_wconf 94' lang='lat' dir='ltr'><strong>di</strong></span> <span class='ocrx_word' id='word_1_221' title='bbox 276 2514 496 2598; x_wconf 82' lang='lat' dir='ltr'><strong>desperationis</strong></span> <span class='ocrx_word' id='word_1_222' title='bbox 527 2523 705 2595; x_wconf 88' lang='lat' dir='ltr'><strong>peccatum,</strong></span> <span class='ocrx_word' id='word_1_223' title='bbox 735 2513 816 2594; x_wconf 93' lang='lat' dir='ltr'><strong>quod</strong></span> <span class='ocrx_word' id='word_1_224' title='bbox 857 2517 1457 2588; x_wconf 79' lang='lat' dir='ltr'><strong>contrariarn,coosmtexverliisllccli.</strong></span> 
     </span>
     <span class='ocr_line' id='line_1_26' title="bbox 209 2597 1460 2680; baseline 0.002 -19"><span class='ocrx_word' id='word_1_225' title='bbox 209 2601 335 2678; x_wconf 62' lang='lat' dir='ltr'><strong>manius</strong></span> <span class='ocrx_word' id='word_1_226' title='bbox 361 2608 407 2660; x_wconf 90' lang='lat' dir='ltr'><strong>est</strong></span> <span class='ocrx_word' id='word_1_227' title='bbox 433 2617 489 2660; x_wconf 88' lang='lat' dir='ltr'><strong>suo</strong></span> <span class='ocrx_word' id='word_1_228' title='bbox 520 2597 677 2679; x_wconf 89' lang='lat' dir='ltr'><strong>opposito,</strong></span> <span class='ocrx_word' id='word_1_229' title='bbox 708 2616 816 2678; x_wconf 79' lang='lat' dir='ltr'><strong>oeiiipe</strong></span> <span class='ocrx_word' id='word_1_230' title='bbox 857 2617 949 2676; x_wconf 78' lang='lat' dir='ltr'><strong>uviri,</strong></span> <span class='ocrx_word' id='word_1_231' title='bbox 983 2602 1043 2661; x_wconf 84' lang='lat' dir='ltr'><strong>to:</strong></span> <span class='ocrx_word' id='word_1_232' title='bbox 1083 2601 1159 2662; x_wconf 83' lang='lat' dir='ltr'><strong>Vidit</strong></span> <span class='ocrx_word' id='word_1_233' title='bbox 1189 2603 1460 2680; x_wconf 79' lang='lat' dir='ltr'><strong>praesumptionem</strong></span> 
     </span>
     <span class='ocr_line' id='line_1_27' title="bbox 209 2681 1461 2766; baseline 0.003 -22"><span class='ocrx_word' id='word_1_234' title='bbox 209 2683 470 2766; x_wconf 82' lang='lat' dir='ltr'><strong>praesumptione,</strong></span> <span class='ocrx_word' id='word_1_235' title='bbox 490 2700 558 2742; x_wconf 90' lang='lat' dir='ltr'><strong>cum</strong></span> <span class='ocrx_word' id='word_1_236' title='bbox 579 2682 638 2742; x_wconf 90' lang='lat' dir='ltr'><strong>illis</strong></span> <span class='ocrx_word' id='word_1_237' title='bbox 656 2681 814 2760; x_wconf 73' lang='lat' dir='ltr'><strong>angustiis,</strong></span> <span class='ocrx_word' id='word_1_238' title='bbox 856 2687 953 2748; x_wconf 85' lang='lat' dir='ltr'><strong>cordis</strong></span> <span class='ocrx_word' id='word_1_239' title='bbox 972 2701 1075 2746; x_wconf 86' lang='lat' dir='ltr'><strong>eorum</strong></span> <span class='ocrx_word' id='word_1_240' title='bbox 1093 2684 1234 2762; x_wconf 74' lang='lat' dir='ltr'><strong>pricipium</strong></span> <span class='ocrx_word' id='word_1_241' title='bbox 1253 2685 1333 2747; x_wconf 78' lang='lat' dir='ltr'><strong>nardo</strong></span> <span class='ocrx_word' id='word_1_242' title='bbox 1360 2695 1412 2760; x_wconf 80' lang='lat' dir='ltr'><strong>eat,</strong></span> <span class='ocrx_word' id='word_1_243' title='bbox 1433 2693 1461 2748; x_wconf 89' lang='lat' dir='ltr'><strong>el</strong></span> 
     </span>
     <span class='ocr_line' id='line_1_28' title="bbox 210 2765 1460 2850; baseline 0 -23"><span class='ocrx_word' id='word_1_244' title='bbox 210 2767 327 2850; x_wconf 67' lang='lat' dir='ltr'><strong>quibus</strong></span> <span class='ocrx_word' id='word_1_245' title='bbox 358 2767 508 2830; x_wconf 86' lang='lat' dir='ltr'><strong>interdum</strong></span> <span class='ocrx_word' id='word_1_246' title='bbox 542 2766 631 2826; x_wconf 91' lang='lat' dir='ltr'><strong>etiam</strong></span> <span class='ocrx_word' id='word_1_247' title='bbox 660 2765 713 2826; x_wconf 87' lang='lat' dir='ltr'><strong>oiri</strong></span> <span class='ocrx_word' id='word_1_248' title='bbox 744 2765 815 2826; x_wconf 92' lang='lat' dir='ltr'><strong>iusti</strong></span> <span class='ocrx_word' id='word_1_249' title='bbox 857 2769 1231 2848; x_wconf 81' lang='lat' dir='ltr'><strong>ropnoeitsohaersiooem</strong></span> <span class='ocrx_word' id='word_1_250' title='bbox 1249 2769 1460 2846; x_wconf 80' lang='lat' dir='ltr'><strong>illoromqoo·</strong></span> 
     </span>
     <span class='ocr_line' id='line_1_29' title="bbox 209 2848 1461 2932; baseline -0.002 -18"><span class='ocrx_word' id='word_1_251' title='bbox 209 2853 387 2928; x_wconf 72' lang='lat' dir='ltr'><strong>assliguotur</strong></span> <span class='ocrx_word' id='word_1_252' title='bbox 421 2859 542 2932; x_wconf 88' lang='lat' dir='ltr'><strong>propter</strong></span> <span class='ocrx_word' id='word_1_253' title='bbox 576 2848 816 2910; x_wconf 81' lang='lat' dir='ltr'><strong>incertitudinem</strong></span> <span class='ocrx_word' id='word_1_254' title='bbox 860 2857 942 2914; x_wconf 86' lang='lat' dir='ltr'><strong>aiom</strong></span> <span class='ocrx_word' id='word_1_255' title='bbox 961 2868 1085 2928; x_wconf 81' lang='lat' dir='ltr'><strong>riepaom</strong></span> <span class='ocrx_word' id='word_1_256' title='bbox 1103 2860 1157 2913; x_wconf 88' lang='lat' dir='ltr'><strong>est.</strong></span> <span class='ocrx_word' id='word_1_257' title='bbox 1177 2849 1256 2910; x_wconf 89' lang='lat' dir='ltr'><strong>lleus</strong></span> <span class='ocrx_word' id='word_1_258' title='bbox 1274 2851 1353 2912; x_wconf 83' lang='lat' dir='ltr'><strong>enim</strong></span> <span class='ocrx_word' id='word_1_259' title='bbox 1377 2851 1461 2912; x_wconf 89' lang='lat' dir='ltr'><strong>iuhet</strong></span> 
     </span>
     <span class='ocr_line' id='line_1_30' title="bbox 211 2931 1459 3016; baseline 0.001 -22"><span class='ocrx_word' id='word_1_260' title='bbox 211 2937 356 3016; x_wconf 86' lang='lat' dir='ltr'><strong>propriae</strong></span> <span class='ocrx_word' id='word_1_261' title='bbox 371 2935 489 2998; x_wconf 86' lang='lat' dir='ltr'><strong>salutis.</strong></span> <span class='ocrx_word' id='word_1_262' title='bbox 507 2931 740 2994; x_wconf 82' lang='lat' dir='ltr'><strong>Videntureoiro</strong></span> <span class='ocrx_word' id='word_1_263' title='bbox 755 2931 816 3007; x_wconf 90' lang='lat' dir='ltr'><strong>isti,</strong></span> <span class='ocrx_word' id='word_1_264' title='bbox 860 2955 913 2996; x_wconf 87' lang='lat' dir='ltr'><strong>nos</strong></span> <span class='ocrx_word' id='word_1_265' title='bbox 931 2953 1053 3015; x_wconf 88' lang='lat' dir='ltr'><strong>sperare</strong></span> <span class='ocrx_word' id='word_1_266' title='bbox 1069 2934 1150 2994; x_wconf 84' lang='lat' dir='ltr'><strong>iusta</strong></span> <span class='ocrx_word' id='word_1_267' title='bbox 1167 2933 1304 2994; x_wconf 88' lang='lat' dir='ltr'><strong>ordioero</strong></span> <span class='ocrx_word' id='word_1_268' title='bbox 1317 2955 1335 2998; x_wconf 84' lang='lat' dir='ltr'><strong>a</strong></span> <span class='ocrx_word' id='word_1_269' title='bbox 1346 2953 1379 2996; x_wconf 92' lang='lat' dir='ltr'><strong>se</strong></span> <span class='ocrx_word' id='word_1_270' title='bbox 1390 2954 1459 2995; x_wconf 87' lang='lat' dir='ltr'><strong>cuo·</strong></span> 
     </span>
     <span class='ocr_line' id='line_1_31' title="bbox 211 3015 1461 3100; baseline -0.001 -19"><span class='ocrx_word' id='word_1_271' title='bbox 211 3020 332 3081; x_wconf 89' lang='lat' dir='ltr'><strong>lleuita</strong></span> <span class='ocrx_word' id='word_1_272' title='bbox 351 3027 563 3100; x_wconf 76' lang='lat' dir='ltr'><strong>permittente,</strong></span> <span class='ocrx_word' id='word_1_273' title='bbox 592 3019 636 3078; x_wconf 84' lang='lat' dir='ltr'><strong>sic</strong></span> <span class='ocrx_word' id='word_1_274' title='bbox 658 3015 766 3098; x_wconf 88' lang='lat' dir='ltr'><strong>premi,</strong></span> <span class='ocrx_word' id='word_1_275' title='bbox 788 3025 820 3076; x_wconf 90' lang='lat' dir='ltr'><strong>ut</strong></span> <span class='ocrx_word' id='word_1_276' title='bbox 859 3021 995 3080; x_wconf 88' lang='lat' dir='ltr'><strong>stitutum</strong></span> <span class='ocrx_word' id='word_1_277' title='bbox 1027 3016 1065 3080; x_wconf 88' lang='lat' dir='ltr'><strong>ad</strong></span> <span class='ocrx_word' id='word_1_278' title='bbox 1096 3017 1186 3079; x_wconf 87' lang='lat' dir='ltr'><strong>uitam</strong></span> <span class='ocrx_word' id='word_1_279' title='bbox 1209 3026 1360 3079; x_wconf 82' lang='lat' dir='ltr'><strong>aeternam</strong></span> <span class='ocrx_word' id='word_1_280' title='bbox 1379 3019 1461 3080; x_wconf 88' lang='lat' dir='ltr'><strong>obti-</strong></span> 
     </span>
     <span class='ocr_line' id='line_1_32' title="bbox 212 3100 1462 3183; baseline 0.002 -21"><span class='ocrx_word' id='word_1_281' title='bbox 212 3105 307 3166; x_wconf 78' lang='lat' dir='ltr'><strong>oeluli</strong></span> <span class='ocrx_word' id='word_1_282' title='bbox 336 3104 366 3162; x_wconf 92' lang='lat' dir='ltr'><strong>io</strong></span> <span class='ocrx_word' id='word_1_283' title='bbox 401 3100 618 3183; x_wconf 83' lang='lat' dir='ltr'><strong>desperationis</strong></span> <span class='ocrx_word' id='word_1_284' title='bbox 647 3100 818 3162; x_wconf 84' lang='lat' dir='ltr'><strong>barathrum</strong></span> <span class='ocrx_word' id='word_1_285' title='bbox 861 3104 1000 3164; x_wconf 86' lang='lat' dir='ltr'><strong>nendum.</strong></span> <span class='ocrx_word' id='word_1_286' title='bbox 1043 3100 1129 3171; x_wconf 86' lang='lat' dir='ltr'><strong>Quod</strong></span> <span class='ocrx_word' id='word_1_287' title='bbox 1160 3119 1230 3161; x_wconf 86' lang='lat' dir='ltr'><strong>vero</strong></span> <span class='ocrx_word' id='word_1_288' title='bbox 1259 3102 1462 3182; x_wconf 84' lang='lat' dir='ltr'><strong>praesumptio</strong></span> 
     </span>
     <span class='ocr_line' id='line_1_33' title="bbox 211 3183 1461 3266; baseline -0.002 -18"><span class='ocrx_word' id='word_1_289' title='bbox 211 3197 390 3264; x_wconf 56' lang='lat' dir='ltr'><strong>urgeamur,</strong></span> <span class='ocrx_word' id='word_1_290' title='bbox 403 3206 471 3250; x_wconf 83' lang='lat' dir='ltr'><strong>euro</strong></span> <span class='ocrx_word' id='word_1_291' title='bbox 493 3195 592 3246; x_wconf 83' lang='lat' dir='ltr'><strong>taumo</strong></span> <span class='ocrx_word' id='word_1_292' title='bbox 607 3203 675 3246; x_wconf 84' lang='lat' dir='ltr'><strong>vere</strong></span> <span class='ocrx_word' id='word_1_293' title='bbox 693 3183 756 3264; x_wconf 89' lang='lat' dir='ltr'><strong>spei</strong></span> <span class='ocrx_word' id='word_1_294' title='bbox 769 3204 821 3244; x_wconf 83' lang='lat' dir='ltr'><strong>aii·</strong></span> <span class='ocrx_word' id='word_1_295' title='bbox 861 3187 987 3251; x_wconf 77' lang='lat' dir='ltr'><strong>muctcile</strong></span> <span class='ocrx_word' id='word_1_296' title='bbox 999 3196 1152 3266; x_wconf 89' lang='lat' dir='ltr'><strong>peccatum</strong></span> <span class='ocrx_word' id='word_1_297' title='bbox 1163 3186 1204 3246; x_wconf 89' lang='lat' dir='ltr'><strong>sit</strong></span> <span class='ocrx_word' id='word_1_298' title='bbox 1214 3194 1243 3246; x_wconf 93' lang='lat' dir='ltr'><strong>et</strong></span> <span class='ocrx_word' id='word_1_299' title='bbox 1253 3187 1461 3264; x_wconf 78' lang='lat' dir='ltr'><strong>grauissimum</strong></span> 
     </span>
     <span class='ocr_line' id='line_1_34' title="bbox 212 3266 1464 3351; baseline 0 -19"><span class='ocrx_word' id='word_1_300' title='bbox 212 3272 337 3335; x_wconf 87' lang='lat' dir='ltr'><strong>choram</strong></span> <span class='ocrx_word' id='word_1_301' title='bbox 354 3290 412 3334; x_wconf 93' lang='lat' dir='ltr'><strong>ooo</strong></span> <span class='ocrx_word' id='word_1_302' title='bbox 428 3271 591 3332; x_wconf 86' lang='lat' dir='ltr'><strong>diroittaot.</strong></span> <span class='ocrx_word' id='word_1_303' title='bbox 606 3266 643 3332; x_wconf 91' lang='lat' dir='ltr'><strong>Ut</strong></span> <span class='ocrx_word' id='word_1_304' title='bbox 657 3269 819 3349; x_wconf 90' lang='lat' dir='ltr'><strong>plurimum</strong></span> <span class='ocrx_word' id='word_1_305' title='bbox 861 3272 890 3332; x_wconf 92' lang='lat' dir='ltr'><strong>io</strong></span> <span class='ocrx_word' id='word_1_306' title='bbox 905 3290 1016 3350; x_wconf 74' lang='lat' dir='ltr'><strong>genem</strong></span> <span class='ocrx_word' id='word_1_307' title='bbox 1043 3291 1122 3347; x_wconf 85' lang='lat' dir='ltr'><strong>sun,</strong></span> <span class='ocrx_word' id='word_1_308' title='bbox 1146 3289 1179 3332; x_wconf 84' lang='lat' dir='ltr'><strong>ex</strong></span> <span class='ocrx_word' id='word_1_309' title='bbox 1199 3288 1235 3332; x_wconf 91' lang='lat' dir='ltr'><strong>eu</strong></span> <span class='ocrx_word' id='word_1_310' title='bbox 1265 3281 1359 3351; x_wconf 88' lang='lat' dir='ltr'><strong>patet,</strong></span> <span class='ocrx_word' id='word_1_311' title='bbox 1383 3270 1464 3351; x_wconf 89' lang='lat' dir='ltr'><strong>quod</strong></span> 
     </span>
     <span class='ocr_line' id='line_1_35' title="bbox 213 3352 1462 3436; baseline 0 -20"><span class='ocrx_word' id='word_1_312' title='bbox 213 3356 263 3416; x_wconf 85' lang='lat' dir='ltr'><strong>ish</strong></span> <span class='ocrx_word' id='word_1_313' title='bbox 284 3357 314 3416; x_wconf 94' lang='lat' dir='ltr'><strong>io</strong></span> <span class='ocrx_word' id='word_1_314' title='bbox 342 3355 446 3416; x_wconf 91' lang='lat' dir='ltr'><strong>mortis</strong></span> <span class='ocrx_word' id='word_1_315' title='bbox 474 3373 547 3414; x_wconf 86' lang='lat' dir='ltr'><strong>suae</strong></span> <span class='ocrx_word' id='word_1_316' title='bbox 567 3353 640 3413; x_wconf 90' lang='lat' dir='ltr'><strong>hora</strong></span> <span class='ocrx_word' id='word_1_317' title='bbox 667 3352 819 3431; x_wconf 87' lang='lat' dir='ltr'><strong>tranquilli</strong></span> <span class='ocrx_word' id='word_1_318' title='bbox 860 3375 938 3432; x_wconf 78' lang='lat' dir='ltr'><strong>graio</strong></span> <span class='ocrx_word' id='word_1_319' title='bbox 961 3365 1118 3436; x_wconf 89' lang='lat' dir='ltr'><strong>praecepto</strong></span> <span class='ocrx_word' id='word_1_320' title='bbox 1135 3355 1309 3415; x_wconf 83' lang='lat' dir='ltr'><strong>adversetur</strong></span> <span class='ocrx_word' id='word_1_321' title='bbox 1322 3375 1355 3416; x_wconf 89' lang='lat' dir='ltr'><strong>ac</strong></span> <span class='ocrx_word' id='word_1_322' title='bbox 1369 3355 1462 3435; x_wconf 86' lang='lat' dir='ltr'><strong>perle-</strong></span> 
     </span>
     <span class='ocr_line' id='line_1_36' title="bbox 214 3437 1463 3518; baseline 0 -18"><span class='ocrx_word' id='word_1_323' title='bbox 214 3459 283 3502; x_wconf 88' lang='lat' dir='ltr'><strong>esse</strong></span> <span class='ocrx_word' id='word_1_324' title='bbox 309 3457 345 3500; x_wconf 88' lang='lat' dir='ltr'><strong>au</strong></span> <span class='ocrx_word' id='word_1_325' title='bbox 378 3438 477 3500; x_wconf 85' lang='lat' dir='ltr'><strong>sereni</strong></span> <span class='ocrx_word' id='word_1_326' title='bbox 495 3439 615 3517; x_wconf 84' lang='lat' dir='ltr'><strong>solent,</strong></span> <span class='ocrx_word' id='word_1_327' title='bbox 642 3437 821 3499; x_wconf 81' lang='lat' dir='ltr'><strong>solatiuura</strong></span> <span class='ocrx_word' id='word_1_328' title='bbox 860 3441 1012 3501; x_wconf 86' lang='lat' dir='ltr'><strong>ctissimae</strong></span> <span class='ocrx_word' id='word_1_329' title='bbox 1033 3438 1149 3513; x_wconf 89' lang='lat' dir='ltr'><strong>virtuti,</strong></span> <span class='ocrx_word' id='word_1_330' title='bbox 1171 3457 1374 3518; x_wconf 77' lang='lat' dir='ltr'><strong>magnumque</strong></span> <span class='ocrx_word' id='word_1_331' title='bbox 1392 3440 1463 3500; x_wconf 88' lang='lat' dir='ltr'><strong>alle·</strong></span> 
     </span>
     <span class='ocr_line' id='line_1_37' title="bbox 214 3521 1464 3604; baseline -0.003 -19"><span class='ocrx_word' id='word_1_332' title='bbox 214 3523 277 3586; x_wconf 89' lang='lat' dir='ltr'><strong>Ileo</strong></span> <span class='ocrx_word' id='word_1_333' title='bbox 298 3524 490 3604; x_wconf 76' lang='lat' dir='ltr'><strong>accipientes.</strong></span> <span class='ocrx_word' id='word_1_334' title='bbox 861 3533 907 3584; x_wconf 86' lang='lat' dir='ltr'><strong>rot</strong></span> <span class='ocrx_word' id='word_1_335' title='bbox 925 3524 1150 3584; x_wconf 88' lang='lat' dir='ltr'><strong>detrimentum.</strong></span> <span class='ocrx_word' id='word_1_336' title='bbox 1182 3521 1245 3582; x_wconf 80' lang='lat' dir='ltr'><strong>luno</strong></span> <span class='ocrx_word' id='word_1_337' title='bbox 1276 3542 1302 3583; x_wconf 91' lang='lat' dir='ltr'><strong>s.</strong></span> <span class='ocrx_word' id='word_1_338' title='bbox 1334 3522 1464 3582; x_wconf 84' lang='lat' dir='ltr'><strong>Thomas</strong></span> 
     </span>
     <span class='ocr_line' id='line_1_38' title="bbox 860 3604 1462 3687; baseline -0.007 -19"><span class='ocrx_word' id='word_1_339' title='bbox 860 3609 959 3683; x_wconf 88' lang='lat' dir='ltr'><strong>ducet,</strong></span> <span class='ocrx_word' id='word_1_340' title='bbox 978 3626 1045 3668; x_wconf 87' lang='lat' dir='ltr'><strong>esse</strong></span> <span class='ocrx_word' id='word_1_341' title='bbox 1078 3615 1231 3687; x_wconf 83' lang='lat' dir='ltr'><strong>peccaturo</strong></span> <span class='ocrx_word' id='word_1_342' title='bbox 1262 3605 1292 3666; x_wconf 95' lang='lat' dir='ltr'><strong>in</strong></span> <span class='ocrx_word' id='word_1_343' title='bbox 1318 3604 1462 3685; x_wconf 89' lang='lat' dir='ltr'><strong>Spiritum</strong></span> 
     </span>
     <span class='ocr_line' id='line_1_39' title="bbox 860 3688 1460 3772; baseline -0.008 -19"><span class='ocrx_word' id='word_1_344' title='bbox 860 3701 1009 3767; x_wconf 82' lang='lat' dir='ltr'><strong>sanctum,</strong></span> <span class='ocrx_word' id='word_1_345' title='bbox 1021 3690 1095 3772; x_wconf 87' lang='lat' dir='ltr'><strong>quia</strong></span> <span class='ocrx_word' id='word_1_346' title='bbox 1107 3690 1221 3750; x_wconf 88' lang='lat' dir='ltr'><strong>directe</strong></span> <span class='ocrx_word' id='word_1_347' title='bbox 1235 3688 1320 3768; x_wconf 91' lang='lat' dir='ltr'><strong>ponit</strong></span> <span class='ocrx_word' id='word_1_348' title='bbox 1338 3688 1460 3770; x_wconf 89' lang='lat' dir='ltr'><strong>impedi·</strong></span> 
     </span>
    </p>

    <p class='ocr_par' dir='ltr' id='par_1_6' title="bbox 216 3771 1466 4262">
     <span class='ocr_line' id='line_1_40' title="bbox 259 3771 1462 3853; baseline -0.003 -15"><span class='ocrx_word' id='word_1_349' title='bbox 259 3778 334 3840; x_wconf 72' lang='lat' dir='ltr'><strong>tol.</strong></span> <span class='ocrx_word' id='word_1_350' title='bbox 368 3776 503 3840; x_wconf 84' lang='lat' dir='ltr'><strong>Eundem</strong></span> <span class='ocrx_word' id='word_1_351' title='bbox 540 3777 675 3838; x_wconf 85' lang='lat' dir='ltr'><strong>ordinem</strong></span> <span class='ocrx_word' id='word_1_352' title='bbox 712 3795 821 3840; x_wconf 88' lang='lat' dir='ltr'><strong>ooose-</strong></span> <span class='ocrx_word' id='word_1_353' title='bbox 862 3774 1122 3853; x_wconf 79' lang='lat' dir='ltr'><strong>oreotumgcatioe</strong></span> <span class='ocrx_word' id='word_1_354' title='bbox 1139 3771 1270 3853; x_wconf 89' lang='lat' dir='ltr'><strong>Spiritus</strong></span> <span class='ocrx_word' id='word_1_355' title='bbox 1289 3773 1462 3851; x_wconf 66' lang='lat' dir='ltr'><strong>sanctim).</strong></span> 
     </span>
     <span class='ocr_line' id='line_1_41' title="bbox 216 3858 1463 3942; baseline -0.006 -18"><span class='ocrx_word' id='word_1_356' title='bbox 216 3871 352 3940; x_wconf 87' lang='lat' dir='ltr'><strong>etentes,</strong></span> <span class='ocrx_word' id='word_1_357' title='bbox 380 3881 469 3942; x_wconf 91' lang='lat' dir='ltr'><strong>quem</strong></span> <span class='ocrx_word' id='word_1_358' title='bbox 489 3862 518 3922; x_wconf 91' lang='lat' dir='ltr'><strong>io</strong></span> <span class='ocrx_word' id='word_1_359' title='bbox 538 3862 727 3942; x_wconf 79' lang='lat' dir='ltr'><strong>praecedenti</strong></span> <span class='ocrx_word' id='word_1_360' title='bbox 745 3863 821 3924; x_wconf 88' lang='lat' dir='ltr'><strong>arti·</strong></span> <span class='ocrx_word' id='word_1_361' title='bbox 861 3861 950 3922; x_wconf 77' lang='lat' dir='ltr'><strong>honio</strong></span> <span class='ocrx_word' id='word_1_362' title='bbox 976 3879 1068 3933; x_wconf 86' lang='lat' dir='ltr'><strong>uero,</strong></span> <span class='ocrx_word' id='word_1_363' title='bbox 1101 3875 1167 3919; x_wconf 89' lang='lat' dir='ltr'><strong>esse</strong></span> <span class='ocrx_word' id='word_1_364' title='bbox 1190 3858 1290 3918; x_wconf 92' lang='lat' dir='ltr'><strong>minus</strong></span> <span class='ocrx_word' id='word_1_365' title='bbox 1309 3866 1463 3937; x_wconf 89' lang='lat' dir='ltr'><strong>peccatum</strong></span> 
     </span>
     <span class='ocr_line' id='line_1_42' title="bbox 217 3941 1465 4027; baseline -0.006 -19"><span class='ocrx_word' id='word_1_366' title='bbox 217 3949 286 4008; x_wconf 81' lang='lat' dir='ltr'><strong>etilo</strong></span> <span class='ocrx_word' id='word_1_367' title='bbox 306 3949 343 4008; x_wconf 90' lang='lat' dir='ltr'><strong>de</strong></span> <span class='ocrx_word' id='word_1_368' title='bbox 358 3946 566 4027; x_wconf 89' lang='lat' dir='ltr'><strong>desperatione</strong></span> <span class='ocrx_word' id='word_1_369' title='bbox 582 3947 743 4016; x_wconf 82' lang='lat' dir='ltr'><strong>tenuimus.</strong></span> <span class='ocrx_word' id='word_1_370' title='bbox 761 3945 818 4006; x_wconf 89' lang='lat' dir='ltr'><strong>ali·</strong></span> <span class='ocrx_word' id='word_1_371' title='bbox 862 3944 1096 4024; x_wconf 80' lang='lat' dir='ltr'><strong>desperatioue3</strong></span> <span class='ocrx_word' id='word_1_372' title='bbox 1129 3941 1201 4021; x_wconf 83' lang='lat' dir='ltr'><strong>quia</strong></span> <span class='ocrx_word' id='word_1_373' title='bbox 1222 3941 1391 4021; x_wconf 86' lang='lat' dir='ltr'><strong>desperatio</strong></span> <span class='ocrx_word' id='word_1_374' title='bbox 1420 3949 1465 4002; x_wconf 92' lang='lat' dir='ltr'><strong>est</strong></span> 
     </span>
     <span class='ocr_line' id='line_1_43' title="bbox 218 4023 1462 4111; baseline -0.005 -19"><span class='ocrx_word' id='word_1_375' title='bbox 218 4031 291 4111; x_wconf 88' lang='lat' dir='ltr'><strong>quid</strong></span> <span class='ocrx_word' id='word_1_376' title='bbox 326 4031 462 4094; x_wconf 81' lang='lat' dir='ltr'><strong>dicemus</strong></span> <span class='ocrx_word' id='word_1_377' title='bbox 502 4030 539 4092; x_wconf 80' lang='lat' dir='ltr'><strong>cle</strong></span> <span class='ocrx_word' id='word_1_378' title='bbox 572 4031 823 4110; x_wconf 83' lang='lat' dir='ltr'><strong>praesumptionis</strong></span> <span class='ocrx_word' id='word_1_379' title='bbox 864 4028 1085 4104; x_wconf 73' lang='lat' dir='ltr'><strong>inagisaireete</strong></span> <span class='ocrx_word' id='word_1_380' title='bbox 1103 4035 1207 4088; x_wconf 82' lang='lat' dir='ltr'><strong>contra</strong></span> <span class='ocrx_word' id='word_1_381' title='bbox 1226 4025 1355 4087; x_wconf 86' lang='lat' dir='ltr'><strong>divinam</strong></span> <span class='ocrx_word' id='word_1_382' title='bbox 1377 4023 1462 4086; x_wconf 81' lang='lat' dir='ltr'><strong>mise</strong></span> 
     </span>
     <span class='ocr_line' id='line_1_44' title="bbox 218 4108 1466 4194; baseline -0.007 -18"><span class='ocrx_word' id='word_1_383' title='bbox 218 4116 365 4194; x_wconf 86' lang='lat' dir='ltr'><strong>notione,</strong></span> <span class='ocrx_word' id='word_1_384' title='bbox 401 4115 439 4177; x_wconf 85' lang='lat' dir='ltr'><strong>do</strong></span> <span class='ocrx_word' id='word_1_385' title='bbox 462 4113 597 4176; x_wconf 73' lang='lat' dir='ltr'><strong>moadeca</strong></span> <span class='ocrx_word' id='word_1_386' title='bbox 623 4115 767 4192; x_wconf 76' lang='lat' dir='ltr'><strong>grauitate</strong></span> <span class='ocrx_word' id='word_1_387' title='bbox 793 4124 825 4176; x_wconf 88' lang='lat' dir='ltr'><strong>et</strong></span> <span class='ocrx_word' id='word_1_388' title='bbox 862 4112 1126 4192; x_wconf 86' lang='lat' dir='ltr'><strong>ricordiam,quoe</strong></span> <span class='ocrx_word' id='word_1_389' title='bbox 1137 4118 1183 4172; x_wconf 89' lang='lat' dir='ltr'><strong>est</strong></span> <span class='ocrx_word' id='word_1_390' title='bbox 1194 4111 1323 4172; x_wconf 77' lang='lat' dir='ltr'><strong>maxime</strong></span> <span class='ocrx_word' id='word_1_391' title='bbox 1337 4108 1399 4171; x_wconf 85' lang='lat' dir='ltr'><strong>Deo</strong></span> <span class='ocrx_word' id='word_1_392' title='bbox 1415 4129 1466 4170; x_wconf 68' lang='lat' dir='ltr'><strong>na-</strong></span> 
     </span>
     <span class='ocr_line' id='line_1_45' title="bbox 219 4217 334 4262; baseline 0.017 -2"><span class='ocrx_word' id='word_1_393' title='bbox 219 4217 334 4262; x_wconf 84' lang='lat' dir='ltr'><strong>causis.</strong></span> 
     </span>
    </p>
   </div>
   <div class='ocr_carea' id='block_1_5' title="bbox 317 3672 718 3736">
    <p class='ocr_par' dir='ltr' id='par_1_7' title="bbox 317 3672 718 3736">
     <span class='ocr_line' id='line_1_46' title="bbox 317 3672 718 3736; baseline -0.007 -10"><span class='ocrx_word' id='word_1_394' title='bbox 317 3673 381 3726; x_wconf 81' lang='lat' dir='ltr'><strong>har.</strong></span> <span class='ocrx_word' id='word_1_395' title='bbox 399 3672 435 3724; x_wconf 91' lang='lat' dir='ltr'><strong>ll.</strong></span> <span class='ocrx_word' id='word_1_396' title='bbox 460 3675 497 3724; x_wconf 76' lang='lat' dir='ltr'><strong>oe</strong></span> <span class='ocrx_word' id='word_1_397' title='bbox 511 3674 718 3736; x_wconf 74' lang='lat' dir='ltr'><strong>praesumptione.</strong></span> 
     </span>
    </p>
   </div>
   <div class='ocr_carea' id='block_1_6' title="bbox 216 4291 1466 4704">
    <p class='ocr_par' dir='ltr' id='par_1_8' title="bbox 216 4291 1466 4704">
     <span class='ocr_line' id='line_1_47' title="bbox 863 4291 1465 4362; baseline -0.01 -16"><span class='ocrx_word' id='word_1_398' title='bbox 863 4294 999 4352; x_wconf 82' lang='lat' dir='ltr'><strong>consulere</strong></span> <span class='ocrx_word' id='word_1_399' title='bbox 1015 4293 1109 4362; x_wconf 85' lang='lat' dir='ltr'><strong>poterit</strong></span> <span class='ocrx_word' id='word_1_400' title='bbox 1126 4293 1207 4345; x_wconf 80' lang='lat' dir='ltr'><strong>collat</strong></span> <span class='ocrx_word' id='word_1_401' title='bbox 1221 4293 1246 4344; x_wconf 95' lang='lat' dir='ltr'><strong>in</strong></span> <span class='ocrx_word' id='word_1_402' title='bbox 1264 4301 1339 4347; x_wconf 81' lang='lat' dir='ltr'><strong>treet.</strong></span> <span class='ocrx_word' id='word_1_403' title='bbox 1359 4291 1395 4343; x_wconf 84' lang='lat' dir='ltr'><strong>De</strong></span> <span class='ocrx_word' id='word_1_404' title='bbox 1413 4305 1465 4355; x_wconf 84' lang='lat' dir='ltr'><strong>ape,</strong></span> 
     </span>
     <span class='ocr_line' id='line_1_48' title="bbox 252 4360 1466 4434; baseline -0.009 -16"><span class='ocrx_word' id='word_1_405' title='bbox 252 4367 291 4433; x_wconf 84' lang='lat' dir='ltr'><strong>(l)</strong></span> <span class='ocrx_word' id='word_1_406' title='bbox 304 4363 346 4418; x_wconf 74' lang='lat' dir='ltr'><strong>Cf·</strong></span> <span class='ocrx_word' id='word_1_407' title='bbox 358 4363 436 4421; x_wconf 72' lang='lat' dir='ltr'><strong>Carti.</strong></span> <span class='ocrx_word' id='word_1_408' title='bbox 450 4365 530 4427; x_wconf 84' lang='lat' dir='ltr'><strong>(iulii,</strong></span> <span class='ocrx_word' id='word_1_409' title='bbox 542 4381 600 4434; x_wconf 78' lang='lat' dir='ltr'><strong>cop.</strong></span> <span class='ocrx_word' id='word_1_410' title='bbox 614 4367 641 4430; x_wconf 72' lang='grc' dir='ltr'><strong>Ξ,</strong></span> <span class='ocrx_word' id='word_1_411' title='bbox 665 4365 703 4419; x_wconf 73' lang='lat' dir='ltr'><strong>Do</strong></span> <span class='ocrx_word' id='word_1_412' title='bbox 718 4366 824 4419; x_wconf 70' lang='lat' dir='ltr'><strong>eubiculo</strong></span> <span class='ocrx_word' id='word_1_413' title='bbox 863 4373 927 4420; x_wconf 75' lang='lat' dir='ltr'><strong>sort.</strong></span> <span class='ocrx_word' id='word_1_414' title='bbox 945 4367 972 4424; x_wconf 68' lang='lat'><strong>2,</strong></span> <span class='ocrx_word' id='word_1_415' title='bbox 991 4363 1035 4414; x_wconf 90' lang='lat' dir='ltr'><strong>uhi</strong></span> <span class='ocrx_word' id='word_1_416' title='bbox 1050 4365 1103 4429; x_wconf 83' lang='lat' dir='ltr'><strong>ipse</strong></span> <span class='ocrx_word' id='word_1_417' title='bbox 1120 4364 1175 4414; x_wconf 71' lang='lat' dir='ltr'><strong>tuse</strong></span> <span class='ocrx_word' id='word_1_418' title='bbox 1189 4362 1318 4423; x_wconf 66' lang='lat' dir='ltr'><strong>llmologus</strong></span> <span class='ocrx_word' id='word_1_419' title='bbox 1330 4360 1466 4424; x_wconf 82' lang='lat' dir='ltr'><strong>utriumque</strong></span> 
     </span>
     <span class='ocr_line' id='line_1_49' title="bbox 218 4426 1465 4502; baseline -0.006 -20"><span class='ocrx_word' id='word_1_420' title='bbox 218 4439 280 4497; x_wconf 71' lang='lat' dir='ltr'><strong>apel,</strong></span> <span class='ocrx_word' id='word_1_421' title='bbox 298 4433 402 4496; x_wconf 77' lang='lat' dir='ltr'><strong>auhn,</strong></span> <span class='ocrx_word' id='word_1_422' title='bbox 414 4433 430 4502; x_wconf 76' lang='lat' dir='ltr'>S</span> <span class='ocrx_word' id='word_1_423' title='bbox 444 4441 468 4500; x_wconf 82' lang='lat' dir='ltr'><strong>l,</strong></span> <span class='ocrx_word' id='word_1_424' title='bbox 487 4439 512 4496; x_wconf 80' lang='lat'><strong>2,</strong></span> <span class='ocrx_word' id='word_1_425' title='bbox 526 4437 552 4484; x_wconf 81' lang='grc'><strong>5.</strong></span> <span class='ocrx_word' id='word_1_426' title='bbox 864 4432 1015 4490; x_wconf 80' lang='lat' dir='ltr'><strong>acirtcutiue,</strong></span> <span class='ocrx_word' id='word_1_427' title='bbox 1033 4433 1087 4482; x_wconf 80' lang='lat' dir='ltr'><strong>siue</strong></span> <span class='ocrx_word' id='word_1_428' title='bbox 1105 4431 1243 4497; x_wconf 72' lang='lat' dir='ltr'><strong>negaretis,</strong></span> <span class='ocrx_word' id='word_1_429' title='bbox 1263 4431 1316 4480; x_wconf 83' lang='lat' dir='ltr'><strong>siro</strong></span> <span class='ocrx_word' id='word_1_430' title='bbox 1334 4426 1465 4476; x_wconf 80' lang='lat' dir='ltr'><strong>ollirroon·</strong></span> 
     </span>
     <span class='ocr_line' id='line_1_50' title="bbox 252 4497 1465 4568; baseline -0.009 -14"><span class='ocrx_word' id='word_1_431' title='bbox 252 4505 292 4568; x_wconf 59' lang='grc' dir='ltr'><strong>(ἲ)</strong></span> <span class='ocrx_word' id='word_1_432' title='bbox 305 4504 340 4566; x_wconf 74' lang='lat' dir='ltr'><strong>Q.</strong></span> <span class='ocrx_word' id='word_1_433' title='bbox 352 4506 385 4554; x_wconf 78' lang='lat'><strong>2⁰</strong></span> <span class='ocrx_word' id='word_1_434' title='bbox 399 4503 434 4552; x_wconf 85' lang='lat' dir='ltr'><strong>Dc</strong></span> <span class='ocrx_word' id='word_1_435' title='bbox 445 4508 515 4558; x_wconf 65' lang='lat' dir='ltr'><strong>aaron</strong></span> <span class='ocrx_word' id='word_1_436' title='bbox 530 4509 577 4552; x_wconf 79' lang='lat' dir='ltr'><strong>ort.</strong></span> <span class='ocrx_word' id='word_1_437' title='bbox 588 4504 604 4551; x_wconf 79' lang='grc'><strong>8</strong></span> <span class='ocrx_word' id='word_1_438' title='bbox 616 4497 647 4552; x_wconf 82' lang='lat' dir='ltr'><strong>od</strong></span> <span class='ocrx_word' id='word_1_439' title='bbox 661 4504 687 4551; x_wconf 79' lang='lat'><strong>2.</strong></span> <span class='ocrx_word' id='word_1_440' title='bbox 867 4501 909 4559; x_wconf 82' lang='lat' dir='ltr'><strong>tis,</strong></span> <span class='ocrx_word' id='word_1_441' title='bbox 928 4500 1126 4564; x_wconf 72' lang='lat' dir='ltr'><strong>orlatipuletareo</strong></span> <span class='ocrx_word' id='word_1_442' title='bbox 1143 4506 1258 4548; x_wconf 83' lang='lat' dir='ltr'><strong>rcecrmot</strong></span> <span class='ocrx_word' id='word_1_443' title='bbox 1275 4511 1325 4547; x_wconf 76' lang='lat' dir='ltr'><strong>uuo</strong></span> <span class='ocrx_word' id='word_1_444' title='bbox 1342 4510 1402 4544; x_wconf 82' lang='lat' dir='ltr'><strong>cuiu</strong></span> <span class='ocrx_word' id='word_1_445' title='bbox 1421 4509 1465 4544; x_wconf 88' lang='lat' dir='ltr'><strong>ro·</strong></span> 
     </span>
     <span class='ocr_line' id='line_1_51' title="bbox 251 4565 1177 4636; baseline -0.004 -18"><span class='ocrx_word' id='word_1_446' title='bbox 251 4577 291 4630; x_wconf 73' lang='lat'><strong>(5)</strong></span> <span class='ocrx_word' id='word_1_447' title='bbox 306 4569 412 4630; x_wconf 77' lang='lat' dir='ltr'><strong>Sonare,</strong></span> <span class='ocrx_word' id='word_1_448' title='bbox 427 4569 445 4620; x_wconf 97' lang='grc' dir='ltr'><strong>Ι.</strong></span> <span class='ocrx_word' id='word_1_449' title='bbox 458 4569 534 4634; x_wconf 75' lang='lat' dir='ltr'><strong>c.,&#39;u.</strong></span> <span class='ocrx_word' id='word_1_450' title='bbox 548 4573 575 4630; x_wconf 86' lang='lat' dir='ltr'><strong>o,</strong></span> <span class='ocrx_word' id='word_1_451' title='bbox 599 4585 653 4636; x_wconf 82' lang='lat' dir='ltr'><strong>scq.</strong></span> <span class='ocrx_word' id='word_1_452' title='bbox 673 4566 699 4620; x_wconf 90' lang='lat' dir='ltr'><strong>Si</strong></span> <span class='ocrx_word' id='word_1_453' title='bbox 713 4567 771 4636; x_wconf 81' lang='lat' dir='ltr'><strong>quie</strong></span> <span class='ocrx_word' id='word_1_454' title='bbox 783 4574 822 4618; x_wconf 81' lang='lat' dir='ltr'><strong>to·</strong></span> <span class='ocrx_word' id='word_1_455' title='bbox 863 4567 984 4636; x_wconf 81' lang='lat' dir='ltr'><strong>spec-linis</strong></span> <span class='ocrx_word' id='word_1_456' title='bbox 995 4565 1177 4622; x_wconf 78' lang='lat' dir='ltr'><strong>inindumentis.</strong></span> 
     </span>
     <span class='ocr_line' id='line_1_52' title="bbox 216 4634 1225 4704; baseline -0.01 -12"><span class='ocrx_word' id='word_1_457' title='bbox 216 4649 276 4692; x_wconf 64' lang='lat' dir='ltr'><strong>meu</strong></span> <span class='ocrx_word' id='word_1_458' title='bbox 305 4635 432 4690; x_wconf 70' lang='lat' dir='ltr'><strong>eiusmodi</strong></span> <span class='ocrx_word' id='word_1_459' title='bbox 461 4635 634 4689; x_wconf 79' lang='lat' dir='ltr'><strong>obluctaretur</strong></span> <span class='ocrx_word' id='word_1_460' title='bbox 656 4641 823 4704; x_wconf 81' lang='lat' dir='ltr'><strong>quamtiooe,</strong></span> <span class='ocrx_word' id='word_1_461' title='bbox 899 4639 938 4701; x_wconf 75' lang='lat' dir='ltr'><strong>qh)</strong></span> <span class='ocrx_word' id='word_1_462' title='bbox 955 4634 1119 4702; x_wconf 73' lang='lat' dir='ltr'><strong>tt,o,q.er,</strong></span> <span class='ocrx_word' id='word_1_463' title='bbox 1137 4635 1225 4683; x_wconf 73' lang='lat' dir='ltr'><strong>urhl.</strong></span> 
     </span>
    </p>
   </div>
   <div class='ocr_carea' id='block_1_7' title="bbox 0 0 1890 5659">
    <p class='ocr_par' dir='ltr' id='par_1_9' title="bbox 0 0 1890 5659">
     <span class='ocr_line' id='line_1_53' title="bbox 0 0 1890 5659; baseline 0 0"><span class='ocrx_word' id='word_1_464' title='bbox 0 0 1890 5659; x_wconf 95' lang='lat' dir='ltr'><strong> </strong></span> 
     </span>
    </p>
   </div>
  </div>
 </body>
</html>
