<?xml version="1.0" encoding="UTF-8"?>
<!DOCTYPE html PUBLIC "-//W3C//DTD XHTML 1.0 Transitional//EN"
    "http://www.w3.org/TR/xhtml1/DTD/xhtml1-transitional.dtd">
<html xmlns="http://www.w3.org/1999/xhtml" xml:lang="en" lang="en">
 <head>
  <title>
</title>
<meta http-equiv="Content-Type" content="text/html;charset=utf-8" />
  <meta name='ocr-system' content='tesseract 3.04.00' />
  <meta name='ocr-capabilities' content='ocr_page ocr_carea ocr_par ocr_line ocrx_word'/>
</head>
<body>
  <div class='ocr_page' id='page_1' title='image "./praelectionesth09perrgoog_0170.png"; bbox 0 0 3700 5659; ppageno 0'>
   <div class='ocr_carea' id='block_1_1' title="bbox 381 519 1019 582">
    <p class='ocr_par' dir='ltr' id='par_1_1' title="bbox 381 519 1019 582">
     <span class='ocr_line' id='line_1_1' title="bbox 381 519 1019 582; baseline -0.027 0"><span class='ocrx_word' id='word_1_1' title='bbox 381 519 440 582; x_wconf 73' lang='lat'><strong><em>158</em></strong></span> <span class='ocrx_word' id='word_1_2' title='bbox 908 523 947 566; x_wconf 79' lang='lat' dir='ltr'><strong><em>na</em></strong></span> <span class='ocrx_word' id='word_1_3' title='bbox 965 521 1019 566; x_wconf 81' lang='lat' dir='ltr'><strong><em>scr</em></strong></span> 
     </span>
    </p>
   </div>
   <div class='ocr_carea' id='block_1_2' title="bbox 335 611 1676 4569">
    <p class='ocr_par' dir='ltr' id='par_1_2' title="bbox 335 611 1676 4569">
     <span class='ocr_line' id='line_1_2' title="bbox 336 611 1585 700; baseline -0.014 -7"><span class='ocrx_word' id='word_1_4' title='bbox 336 632 401 694; x_wconf 91' lang='lat' dir='ltr'><strong><em>eius</em></strong></span> <span class='ocrx_word' id='word_1_5' title='bbox 428 625 552 690; x_wconf 72' lang='lat' dir='ltr'><strong><em>essentia</em></strong></span> <span class='ocrx_word' id='word_1_6' title='bbox 564 647 577 697; x_wconf 89' lang='lat'><em>;</em></span> <span class='ocrx_word' id='word_1_7' title='bbox 592 631 620 688; x_wconf 88' lang='lat' dir='ltr'><strong><em>et</em></strong></span> <span class='ocrx_word' id='word_1_8' title='bbox 648 624 713 686; x_wconf 87' lang='lat' dir='ltr'><strong><em>ideo</em></strong></span> <span class='ocrx_word' id='word_1_9' title='bbox 739 618 897 700; x_wconf 86' lang='lat' dir='ltr'><strong><em>proprium</em></strong></span> <span class='ocrx_word' id='word_1_10' title='bbox 914 625 942 678; x_wconf 92' lang='lat' dir='ltr'><strong><em>et</em></strong></span> <span class='ocrx_word' id='word_1_11' title='bbox 983 622 1048 676; x_wconf 87' lang='lat' dir='ltr'><strong><em>turn</em></strong></span> <span class='ocrx_word' id='word_1_12' title='bbox 1074 611 1311 694; x_wconf 68' lang='lat' dir='ltr'>temporalibus,</span> <span class='ocrx_word' id='word_1_13' title='bbox 1331 632 1411 694; x_wconf 83' lang='lat' dir='ltr'><strong><em>qnae</em></strong></span> <span class='ocrx_word' id='word_1_14' title='bbox 1433 613 1473 676; x_wconf 85' lang='lat' dir='ltr'><strong><em>ad</em></strong></span> <span class='ocrx_word' id='word_1_15' title='bbox 1492 612 1585 676; x_wconf 88' lang='lat' dir='ltr'><strong><em>beati·</em></strong></span> 
     </span>
     <span class='ocr_line' id='line_1_3' title="bbox 335 697 1585 796; baseline -0.015 -19"><span class='ocrx_word' id='word_1_16' title='bbox 335 711 503 796; x_wconf 76' lang='lat' dir='ltr'><em>principale</em></span> <span class='ocrx_word' id='word_1_17' title='bbox 520 710 663 772; x_wconf 85' lang='lat' dir='ltr'><strong><em>obiectum</em></strong></span> <span class='ocrx_word' id='word_1_18' title='bbox 679 706 740 786; x_wconf 88' lang='lat' dir='ltr'><strong><em>spei</em></strong></span> <span class='ocrx_word' id='word_1_19' title='bbox 755 712 796 768; x_wconf 89' lang='lat' dir='ltr'><strong><em>est</em></strong></span> <span class='ocrx_word' id='word_1_20' title='bbox 815 703 943 767; x_wconf 86' lang='lat' dir='ltr'><strong><em>lentitu-</em></strong></span> <span class='ocrx_word' id='word_1_21' title='bbox 984 698 1117 761; x_wconf 87' lang='lat' dir='ltr'><strong><em>tudinem</em></strong></span> <span class='ocrx_word' id='word_1_22' title='bbox 1138 697 1327 760; x_wconf 81' lang='lat' dir='ltr'><strong>ordinantur.</strong></span> <span class='ocrx_word' id='word_1_23' title='bbox 1571 699 1585 732; x_wconf 79' lang='lat'><strong>⁴</strong></span> 
     </span>
     <span class='ocr_line' id='line_1_4' title="bbox 338 781 1586 873; baseline 0 -29"><span class='ocrx_word' id='word_1_24' title='bbox 338 801 376 862; x_wconf 67' lang='lat' dir='ltr'><strong><em>do</em></strong></span> <span class='ocrx_word' id='word_1_25' title='bbox 390 805 514 860; x_wconf 52' lang='lat' dir='ltr'><strong><em>Mearm</em></strong></span> <span class='ocrx_word' id='word_1_26' title='bbox 531 793 592 873; x_wconf 78' lang='lat'><strong><em>(1),</em></strong></span> <span class='ocrx_word' id='word_1_27' title='bbox 1027 784 1077 844; x_wconf 79' lang='lat'><strong><em>18.</em></strong></span> <span class='ocrx_word' id='word_1_28' title='bbox 1108 781 1150 844; x_wconf 79' lang='lat' dir='ltr'><strong><em>lix</em></strong></span> <span class='ocrx_word' id='word_1_29' title='bbox 1177 781 1322 844; x_wconf 86' lang='lat' dir='ltr'><strong><em>hacteuus</em></strong></span> <span class='ocrx_word' id='word_1_30' title='bbox 1341 781 1483 861; x_wconf 81' lang='lat' dir='ltr'>expensis</span> <span class='ocrx_word' id='word_1_31' title='bbox 1511 789 1586 844; x_wconf 88' lang='lat' dir='ltr'><strong><em>recte</em></strong></span> 
     </span>
     <span class='ocr_line' id='line_1_5' title="bbox 357 864 1588 944; baseline -0.014 -2"><span class='ocrx_word' id='word_1_32' title='bbox 357 921 359 924; x_wconf 93' lang='lat'>-</span> <span class='ocrx_word' id='word_1_33' title='bbox 382 881 433 942; x_wconf 80' lang='lat'><strong><em>15.</em></strong></span> <span class='ocrx_word' id='word_1_34' title='bbox 464 878 644 940; x_wconf 86' lang='lat' dir='ltr'><strong><em>Praeterea:</em></strong></span> <span class='ocrx_word' id='word_1_35' title='bbox 666 872 700 934; x_wconf 96' lang='lat' dir='ltr'><strong><em>ld</em></strong></span> <span class='ocrx_word' id='word_1_36' title='bbox 722 881 767 934; x_wconf 91' lang='lat' dir='ltr'><strong><em>est</em></strong></span> <span class='ocrx_word' id='word_1_37' title='bbox 805 889 823 932; x_wconf 92' lang='lat' dir='ltr'><strong><em>a</em></strong></span> <span class='ocrx_word' id='word_1_38' title='bbox 854 868 944 932; x_wconf 90' lang='lat' dir='ltr'><strong><em>nobis</em></strong></span> <span class='ocrx_word' id='word_1_39' title='bbox 983 864 1243 944; x_wconf 83' lang='lat' dir='ltr'><strong><em>intertur,lleum,</em></strong></span> <span class='ocrx_word' id='word_1_40' title='bbox 1259 875 1293 928; x_wconf 92' lang='lat' dir='ltr'><strong><em>ut</em></strong></span> <span class='ocrx_word' id='word_1_41' title='bbox 1306 874 1354 928; x_wconf 89' lang='lat' dir='ltr'><strong><em>est</em></strong></span> <span class='ocrx_word' id='word_1_42' title='bbox 1368 865 1526 928; x_wconf 74' lang='lat' dir='ltr'><strong>beatitudo</strong></span> <span class='ocrx_word' id='word_1_43' title='bbox 1541 885 1588 926; x_wconf 90' lang='lat' dir='ltr'><strong><em>uo-</em></strong></span> 
     </span>
     <span class='ocr_line' id='line_1_6' title="bbox 339 933 1588 1048; baseline -0.012 -22"><span class='ocrx_word' id='word_1_44' title='bbox 339 963 499 1048; x_wconf 88' lang='lat' dir='ltr'><strong><em>praecipue</em></strong></span> <span class='ocrx_word' id='word_1_45' title='bbox 532 957 740 1042; x_wconf 85' lang='lat' dir='ltr'><strong><em>sperandum,</em></strong></span> <span class='ocrx_word' id='word_1_46' title='bbox 783 953 865 1035; x_wconf 88' lang='lat' dir='ltr'><strong><em>quod</em></strong></span> <span class='ocrx_word' id='word_1_47' title='bbox 898 961 945 1015; x_wconf 91' lang='lat' dir='ltr'><strong><em>est</em></strong></span> <span class='ocrx_word' id='word_1_48' title='bbox 984 959 1068 1024; x_wconf 90' lang='lat' dir='ltr'><strong><em>stra,</em></strong></span> <span class='ocrx_word' id='word_1_49' title='bbox 1086 968 1176 1031; x_wconf 89' lang='lat' dir='ltr'><strong><em>posse</em></strong></span> <span class='ocrx_word' id='word_1_50' title='bbox 1194 950 1404 1030; x_wconf 83' lang='lat' dir='ltr'><strong><em>quadantenus</em></strong></span> <span class='ocrx_word' id='word_1_51' title='bbox 1423 933 1491 1011; x_wconf 82' lang='lat' dir='ltr'><strong><em>dici</em></strong></span> <span class='ocrx_word' id='word_1_52' title='bbox 1505 949 1588 1012; x_wconf 90' lang='lat' dir='ltr'><strong><em>obie-</em></strong></span> 
     </span>
     <span class='ocr_line' id='line_1_7' title="bbox 339 1033 1586 1130; baseline -0.013 -19"><span class='ocrx_word' id='word_1_53' title='bbox 339 1067 394 1130; x_wconf 92' lang='lat' dir='ltr'><strong><em>per</em></strong></span> <span class='ocrx_word' id='word_1_54' title='bbox 413 1065 505 1130; x_wconf 88' lang='lat' dir='ltr'><strong><em>opera</em></strong></span> <span class='ocrx_word' id='word_1_55' title='bbox 531 1052 633 1106; x_wconf 90' lang='lat' dir='ltr'><strong><em>nostra</em></strong></span> <span class='ocrx_word' id='word_1_56' title='bbox 657 1039 817 1122; x_wconf 74' lang='lat' dir='ltr'><strong>praecipue</strong></span> <span class='ocrx_word' id='word_1_57' title='bbox 846 1055 945 1119; x_wconf 88' lang='lat' dir='ltr'><strong><em>quae·</em></strong></span> <span class='ocrx_word' id='word_1_58' title='bbox 974 1043 1066 1103; x_wconf 73' lang='lat' dir='ltr'><strong><em>‚ctum</em></strong></span> <span class='ocrx_word' id='word_1_59' title='bbox 1088 1033 1288 1114; x_wconf 87' lang='lat' dir='ltr'><strong><em>adaequatum</em></strong></span> <span class='ocrx_word' id='word_1_60' title='bbox 1317 1034 1474 1096; x_wconf 88' lang='lat' dir='ltr'><strong><em>materiale</em></strong></span> <span class='ocrx_word' id='word_1_61' title='bbox 1505 1034 1586 1115; x_wconf 86' lang='lat' dir='ltr'><strong><em>spei,</em></strong></span> 
     </span>
     <span class='ocr_line' id='line_1_8' title="bbox 340 1117 1590 1210; baseline -0.012 -16"><span class='ocrx_word' id='word_1_62' title='bbox 340 1131 489 1194; x_wconf 81' lang='lat' dir='ltr'><strong><em>rendum:</em></strong></span> <span class='ocrx_word' id='word_1_63' title='bbox 511 1145 599 1210; x_wconf 91' lang='lat' dir='ltr'><strong><em>porro</em></strong></span> <span class='ocrx_word' id='word_1_64' title='bbox 618 1125 694 1188; x_wconf 93' lang='lat' dir='ltr'><strong><em>illud</em></strong></span> <span class='ocrx_word' id='word_1_65' title='bbox 712 1131 757 1186; x_wconf 89' lang='lat' dir='ltr'><strong><em>est</em></strong></span> <span class='ocrx_word' id='word_1_66' title='bbox 776 1122 943 1198; x_wconf 78' lang='lat' dir='ltr'><strong>beatitudo,</strong></span> <span class='ocrx_word' id='word_1_67' title='bbox 988 1127 1138 1199; x_wconf 88' lang='lat' dir='ltr'><strong><em>quatenus</em></strong></span> <span class='ocrx_word' id='word_1_68' title='bbox 1149 1117 1288 1180; x_wconf 80' lang='lat' dir='ltr'><strong><em>uidelicet</em></strong></span> <span class='ocrx_word' id='word_1_69' title='bbox 1304 1117 1423 1198; x_wconf 86' lang='lat' dir='ltr'><strong><em>reliqua</em></strong></span> <span class='ocrx_word' id='word_1_70' title='bbox 1440 1118 1544 1180; x_wconf 86' lang='lat' dir='ltr'><strong><em>omnia</em></strong></span> <span class='ocrx_word' id='word_1_71' title='bbox 1557 1118 1590 1179; x_wconf 90' lang='lat' dir='ltr'><strong><em>ad</em></strong></span> 
     </span>
     <span class='ocr_line' id='line_1_9' title="bbox 341 1200 1590 1287; baseline -0.012 -8"><span class='ocrx_word' id='word_1_72' title='bbox 341 1217 460 1278; x_wconf 75' lang='lat' dir='ltr'><strong>dicente</strong></span> <span class='ocrx_word' id='word_1_73' title='bbox 482 1200 604 1277; x_wconf 80' lang='lat' dir='ltr'><strong><em>¹Christo</em></strong></span> <span class='ocrx_word' id='word_1_74' title='bbox 620 1230 628 1273; x_wconf 83' lang='grc' dir='ltr'><strong>ι</strong></span> <span class='ocrx_word' id='word_1_75' title='bbox 654 1210 794 1286; x_wconf 75' lang='lat' dir='ltr'><strong><em>Quaerite</em></strong></span> <span class='ocrx_word' id='word_1_76' title='bbox 810 1208 947 1287; x_wconf 85' lang='lat' dir='ltr'><strong><em>primum</em></strong></span> <span class='ocrx_word' id='word_1_77' title='bbox 990 1201 1237 1266; x_wconf 79' lang='lat' dir='ltr'><strong><em>consecutionem</em></strong></span> <span class='ocrx_word' id='word_1_78' title='bbox 1255 1202 1347 1264; x_wconf 88' lang='lat' dir='ltr'><strong><em>huius</em></strong></span> <span class='ocrx_word' id='word_1_79' title='bbox 1363 1202 1435 1263; x_wconf 92' lang='lat' dir='ltr'><strong><em>boni</em></strong></span> <span class='ocrx_word' id='word_1_80' title='bbox 1455 1203 1590 1264; x_wconf 87' lang='lat' dir='ltr'><strong><em>reierun·</em></strong></span> 
     </span>
     <span class='ocr_line' id='line_1_10' title="bbox 341 1285 1592 1382; baseline -0.013 -19"><span class='ocrx_word' id='word_1_81' title='bbox 341 1318 471 1382; x_wconf 79' lang='lat' dir='ltr'><strong><em>repausa</em></strong></span> <span class='ocrx_word' id='word_1_82' title='bbox 490 1299 544 1360; x_wconf 86' lang='lat' dir='ltr'><strong><em>Dei</em></strong></span> <span class='ocrx_word' id='word_1_83' title='bbox 558 1297 622 1376; x_wconf 76' lang='lat'><strong>(2).</strong></span> <span class='ocrx_word' id='word_1_84' title='bbox 989 1295 1048 1363; x_wconf 88' lang='lat' dir='ltr'><strong><em>tur;</em></strong></span> <span class='ocrx_word' id='word_1_85' title='bbox 1069 1286 1126 1349; x_wconf 89' lang='lat' dir='ltr'><strong><em>etsi</em></strong></span> <span class='ocrx_word' id='word_1_86' title='bbox 1155 1286 1214 1348; x_wconf 93' lang='lat' dir='ltr'><strong><em>sub</em></strong></span> <span class='ocrx_word' id='word_1_87' title='bbox 1229 1286 1291 1348; x_wconf 90' lang='lat' dir='ltr'><strong><em>alia</em></strong></span> <span class='ocrx_word' id='word_1_88' title='bbox 1308 1286 1399 1348; x_wconf 85' lang='lat' dir='ltr'><strong><em>etiam</em></strong></span> <span class='ocrx_word' id='word_1_89' title='bbox 1422 1285 1543 1348; x_wconf 89' lang='lat' dir='ltr'><strong><em>ratione</em></strong></span> <span class='ocrx_word' id='word_1_90' title='bbox 1560 1305 1592 1347; x_wconf 93' lang='lat' dir='ltr'><strong><em>o·</em></strong></span> 
     </span>
     <span class='ocr_line' id='line_1_11' title="bbox 387 1369 1593 1451; baseline -0.014 -4"><span class='ocrx_word' id='word_1_91' title='bbox 387 1386 439 1447; x_wconf 84' lang='lat' dir='ltr'><strong><em>ld.</em></strong></span> <span class='ocrx_word' id='word_1_92' title='bbox 465 1381 510 1446; x_wconf 82' lang='lat' dir='ltr'><strong><em>ad</em></strong></span> <span class='ocrx_word' id='word_1_93' title='bbox 531 1376 743 1444; x_wconf 89' lang='lat' dir='ltr'><strong><em>secundarium</em></strong></span> <span class='ocrx_word' id='word_1_94' title='bbox 761 1393 832 1438; x_wconf 82' lang='lat' dir='ltr'><strong><em>nero</em></strong></span> <span class='ocrx_word' id='word_1_95' title='bbox 860 1373 948 1437; x_wconf 92' lang='lat' dir='ltr'><strong><em>obie·</em></strong></span> <span class='ocrx_word' id='word_1_96' title='bbox 991 1389 1061 1434; x_wconf 89' lang='lat' dir='ltr'><strong><em>mne</em></strong></span> <span class='ocrx_word' id='word_1_97' title='bbox 1076 1371 1189 1446; x_wconf 88' lang='lat' dir='ltr'><strong><em>bonum</em></strong></span> <span class='ocrx_word' id='word_1_98' title='bbox 1202 1372 1444 1450; x_wconf 89' lang='lat' dir='ltr'><strong><em>supernaturale,</em></strong></span> <span class='ocrx_word' id='word_1_99' title='bbox 1455 1371 1504 1432; x_wconf 85' lang='lat' dir='ltr'><strong><em>rel</em></strong></span> <span class='ocrx_word' id='word_1_100' title='bbox 1519 1369 1593 1451; x_wconf 88' lang='lat' dir='ltr'><strong><em>quod</em></strong></span> 
     </span>
     <span class='ocr_line' id='line_1_12' title="bbox 343 1453 1593 1548; baseline -0.012 -17"><span class='ocrx_word' id='word_1_101' title='bbox 343 1477 425 1531; x_wconf 89' lang='lat' dir='ltr'><strong><em>ctum</em></strong></span> <span class='ocrx_word' id='word_1_102' title='bbox 445 1464 527 1548; x_wconf 93' lang='lat' dir='ltr'><strong><em>quod</em></strong></span> <span class='ocrx_word' id='word_1_103' title='bbox 545 1464 662 1539; x_wconf 84' lang='lat' dir='ltr'><strong><em>attinet,</em></strong></span> <span class='ocrx_word' id='word_1_104' title='bbox 687 1460 762 1522; x_wconf 93' lang='lat' dir='ltr'><strong><em>illud</em></strong></span> <span class='ocrx_word' id='word_1_105' title='bbox 779 1478 846 1522; x_wconf 87' lang='lat' dir='ltr'><strong><em>esse</em></strong></span> <span class='ocrx_word' id='word_1_106' title='bbox 864 1458 951 1521; x_wconf 89' lang='lat' dir='ltr'><strong><em>adiu·</em></strong></span> <span class='ocrx_word' id='word_1_107' title='bbox 991 1474 1027 1516; x_wconf 81' lang='lat' dir='ltr'><strong><em>er</em></strong></span> <span class='ocrx_word' id='word_1_108' title='bbox 1056 1453 1280 1535; x_wconf 75' lang='lat' dir='ltr'><strong><em>supernaturali</em></strong></span> <span class='ocrx_word' id='word_1_109' title='bbox 1301 1454 1491 1535; x_wconf 81' lang='lat' dir='ltr'><strong><em>providentia</em></strong></span> <span class='ocrx_word' id='word_1_110' title='bbox 1513 1454 1593 1516; x_wconf 90' lang='lat' dir='ltr'><strong><em>nobis</em></strong></span> 
     </span>
     <span class='ocr_line' id='line_1_13' title="bbox 345 1537 1595 1628; baseline -0.013 -14"><span class='ocrx_word' id='word_1_111' title='bbox 345 1560 447 1614; x_wconf 90' lang='lat' dir='ltr'><strong><em>menta</em></strong></span> <span class='ocrx_word' id='word_1_112' title='bbox 462 1548 576 1619; x_wconf 90' lang='lat' dir='ltr'><strong><em>omnia,</em></strong></span> <span class='ocrx_word' id='word_1_113' title='bbox 589 1566 668 1628; x_wconf 86' lang='lat' dir='ltr'><strong><em>qnae</em></strong></span> <span class='ocrx_word' id='word_1_114' title='bbox 679 1545 717 1606; x_wconf 92' lang='lat' dir='ltr'><strong><em>ad</em></strong></span> <span class='ocrx_word' id='word_1_115' title='bbox 733 1542 949 1606; x_wconf 89' lang='lat' dir='ltr'><strong><em>beatitudinem</em></strong></span> <span class='ocrx_word' id='word_1_116' title='bbox 991 1558 1009 1600; x_wconf 86' lang='lat' dir='ltr'><strong><em>a</em></strong></span> <span class='ocrx_word' id='word_1_117' title='bbox 1025 1539 1086 1600; x_wconf 89' lang='lat' dir='ltr'><strong><em>ileo</em></strong></span> <span class='ocrx_word' id='word_1_118' title='bbox 1101 1537 1266 1615; x_wconf 74' lang='lat' dir='ltr'><strong><em>confertur,</em></strong></span> <span class='ocrx_word' id='word_1_119' title='bbox 1287 1538 1383 1619; x_wconf 89' lang='lat' dir='ltr'><strong><em>possit</em></strong></span> <span class='ocrx_word' id='word_1_120' title='bbox 1402 1538 1595 1618; x_wconf 83' lang='lat' dir='ltr'><strong><em>quodammo-</em></strong></span> 
     </span>
     <span class='ocr_line' id='line_1_14' title="bbox 346 1622 1605 1712; baseline -0.008 -15"><span class='ocrx_word' id='word_1_121' title='bbox 346 1635 535 1705; x_wconf 90' lang='lat' dir='ltr'><strong><em>ordinantur,</em></strong></span> <span class='ocrx_word' id='word_1_122' title='bbox 555 1631 626 1693; x_wconf 92' lang='lat' dir='ltr'><strong><em>inde</em></strong></span> <span class='ocrx_word' id='word_1_123' title='bbox 642 1636 734 1712; x_wconf 89' lang='lat' dir='ltr'><strong><em>patet,</em></strong></span> <span class='ocrx_word' id='word_1_124' title='bbox 755 1627 836 1709; x_wconf 91' lang='lat' dir='ltr'><strong><em>quod</em></strong></span> <span class='ocrx_word' id='word_1_125' title='bbox 854 1626 892 1690; x_wconf 91' lang='lat' dir='ltr'><strong><em>ad</em></strong></span> <span class='ocrx_word' id='word_1_126' title='bbox 911 1626 951 1688; x_wconf 83' lang='lat' dir='ltr'><strong><em>fi·</em></strong></span> <span class='ocrx_word' id='word_1_127' title='bbox 991 1622 1029 1684; x_wconf 95' lang='lat' dir='ltr'><strong><em>do</em></strong></span> <span class='ocrx_word' id='word_1_128' title='bbox 1047 1622 1107 1686; x_wconf 89' lang='lat' dir='ltr'><strong><em>dici</em></strong></span> <span class='ocrx_word' id='word_1_129' title='bbox 1125 1622 1251 1685; x_wconf 87' lang='lat' dir='ltr'><strong><em>materia</em></strong></span> <span class='ocrx_word' id='word_1_130' title='bbox 1268 1623 1437 1704; x_wconf 72' lang='lat' dir='ltr'><strong><em>adaeqmm</em></strong></span> <span class='ocrx_word' id='word_1_131' title='bbox 1454 1622 1605 1709; x_wconf 41' lang='lat' dir='ltr'><strong><em>spei-(bis.</em></strong></span> 
     </span>
     <span class='ocr_line' id='line_1_15' title="bbox 346 1700 1514 1804; baseline -0.009 -22"><span class='ocrx_word' id='word_1_132' title='bbox 346 1738 416 1784; x_wconf 91' lang='lat' dir='ltr'><strong><em>nem</em></strong></span> <span class='ocrx_word' id='word_1_133' title='bbox 442 1716 638 1780; x_wconf 89' lang='lat' dir='ltr'><strong><em>obtinendum</em></strong></span> <span class='ocrx_word' id='word_1_134' title='bbox 658 1712 827 1775; x_wconf 86' lang='lat' dir='ltr'><strong><em>necessario</em></strong></span> <span class='ocrx_word' id='word_1_135' title='bbox 846 1710 951 1792; x_wconf 93' lang='lat' dir='ltr'><strong><em>requi·</em></strong></span> <span class='ocrx_word' id='word_1_136' title='bbox 1236 1756 1300 1804; x_wconf 62' lang='lat' dir='ltr'>m</span> <span class='ocrx_word' id='word_1_137' title='bbox 1319 1751 1353 1804; x_wconf 40' lang='lat' dir='ltr'><strong><em>n·</em></strong></span> <span class='ocrx_word' id='word_1_138' title='bbox 1480 1700 1514 1716; x_wconf 61' lang='grc'><strong><em>’“</em></strong></span> 
     </span>
     <span class='ocr_line' id='line_1_16' title="bbox 347 1795 1456 1878; baseline -0.016 -12"><span class='ocrx_word' id='word_1_139' title='bbox 347 1811 454 1866; x_wconf 87' lang='lat' dir='ltr'><strong><em>rantur</em></strong></span> <span class='ocrx_word' id='word_1_140' title='bbox 471 1799 570 1864; x_wconf 87' lang='lat' dir='ltr'><strong><em>media</em></strong></span> <span class='ocrx_word' id='word_1_141' title='bbox 588 1845 596 1872; x_wconf 92' lang='lat'><strong><em>,</em></strong></span> <span class='ocrx_word' id='word_1_142' title='bbox 616 1807 706 1878; x_wconf 88' lang='lat' dir='ltr'><strong><em>atque</em></strong></span> <span class='ocrx_word' id='word_1_143' title='bbox 735 1795 869 1858; x_wconf 89' lang='lat' dir='ltr'><strong><em>eiusdem</em></strong></span> <span class='ocrx_word' id='word_1_144' title='bbox 888 1795 952 1855; x_wconf 88' lang='lat' dir='ltr'><strong><em>vir·</em></strong></span> <span class='ocrx_word' id='word_1_145' title='bbox 1219 1857 1224 1870; x_wconf 36' lang='lat'>⁸</span> <span class='ocrx_word' id='word_1_146' title='bbox 1383 1857 1389 1870; x_wconf 91' lang='lat'><strong>.</strong></span> <span class='ocrx_word' id='word_1_147' title='bbox 1438 1842 1456 1870; x_wconf 31' lang='grc' dir='ltr'><strong><em>,ο</em></strong></span> 
     </span>
     <span class='ocr_line' id='line_1_17' title="bbox 349 1846 1580 1963; baseline -0.009 -11"><span class='ocrx_word' id='word_1_148' title='bbox 349 1887 422 1952; x_wconf 89' lang='lat' dir='ltr'><strong><em>tutis</em></strong></span> <span class='ocrx_word' id='word_1_149' title='bbox 441 1886 480 1948; x_wconf 88' lang='lat' dir='ltr'><strong><em>sit</em></strong></span> <span class='ocrx_word' id='word_1_150' title='bbox 494 1885 570 1947; x_wconf 87' lang='lat' dir='ltr'><strong><em>velle</em></strong></span> <span class='ocrx_word' id='word_1_151' title='bbox 588 1884 678 1946; x_wconf 87' lang='lat' dir='ltr'><strong><em>finem</em></strong></span> <span class='ocrx_word' id='word_1_152' title='bbox 698 1888 728 1944; x_wconf 90' lang='lat' dir='ltr'><strong><em>et</em></strong></span> <span class='ocrx_word' id='word_1_153' title='bbox 746 1879 844 1943; x_wconf 91' lang='lat' dir='ltr'><strong><em>media</em></strong></span> <span class='ocrx_word' id='word_1_154' title='bbox 858 1878 897 1942; x_wconf 92' lang='lat' dir='ltr'><strong><em>ad</em></strong></span> <span class='ocrx_word' id='word_1_155' title='bbox 913 1879 953 1941; x_wconf 81' lang='lat' dir='ltr'><strong><em>fr·</em></strong></span> <span class='ocrx_word' id='word_1_156' title='bbox 1130 1857 1166 1907; x_wconf 77' lang='lat'><strong><em>⁰⁶</em></strong></span> <span class='ocrx_word' id='word_1_157' title='bbox 1185 1855 1387 1916; x_wconf 66' lang='lat' dir='ltr'><strong><em>⁰⁶¹⁰⁶‘⁰f⁰””“¹&#39;</em></strong></span> <span class='ocrx_word' id='word_1_158' title='bbox 1403 1846 1481 1955; x_wconf 48' lang='lat' dir='ltr'><strong><em>&#39;mg</em></strong></span> <span class='ocrx_word' id='word_1_159' title='bbox 1499 1941 1580 1963; x_wconf 48' lang='grc' dir='ltr'><strong><em>Μ</em></strong></span> 
     </span>
     <span class='ocr_line' id='line_1_18' title="bbox 349 1963 1607 2034; baseline -0.005 0"><span class='ocrx_word' id='word_1_160' title='bbox 349 1990 419 2034; x_wconf 89' lang='lat' dir='ltr'><strong><em>nem</em></strong></span> <span class='ocrx_word' id='word_1_161' title='bbox 451 1969 632 2032; x_wconf 86' lang='lat' dir='ltr'><strong><em>necessaria.</em></strong></span> <span class='ocrx_word' id='word_1_162' title='bbox 668 1965 825 2028; x_wconf 83' lang='lat' dir='ltr'><strong><em>Eiusmodi</em></strong></span> <span class='ocrx_word' id='word_1_163' title='bbox 853 1973 954 2026; x_wconf 86' lang='lat' dir='ltr'><strong><em>autem</em></strong></span> <span class='ocrx_word' id='word_1_164' title='bbox 1039 1963 1607 2030; x_wconf 70' lang='grc' dir='ltr'><strong><em>19.Οἰιίιιιῑιιιιι[οιιιιιιΙιιίΙΙιιιίιίἰιιί·Ἰ</em></strong></span> 
     </span>
     <span class='ocr_line' id='line_1_19' title="bbox 351 2047 1597 2138; baseline -0.003 -22"><span class='ocrx_word' id='word_1_165' title='bbox 351 2054 490 2138; x_wconf 83' lang='lat' dir='ltr'><strong><em>inprimis</em></strong></span> <span class='ocrx_word' id='word_1_166' title='bbox 505 2063 577 2116; x_wconf 90' lang='lat' dir='ltr'><strong><em>sunt</em></strong></span> <span class='ocrx_word' id='word_1_167' title='bbox 590 2049 830 2134; x_wconf 87' lang='lat' dir='ltr'><strong><em>supernaturalia</em></strong></span> <span class='ocrx_word' id='word_1_168' title='bbox 841 2047 955 2126; x_wconf 84' lang='lat' dir='ltr'><strong><em>gratiae</em></strong></span> <span class='ocrx_word' id='word_1_169' title='bbox 996 2060 1058 2125; x_wconf 89' lang='lat' dir='ltr'><strong><em>tur,</em></strong></span> <span class='ocrx_word' id='word_1_170' title='bbox 1079 2050 1161 2130; x_wconf 87' lang='lat' dir='ltr'><strong><em>quod</em></strong></span> <span class='ocrx_word' id='word_1_171' title='bbox 1178 2051 1319 2113; x_wconf 86' lang='lat' dir='ltr'><strong><em>virtutem</em></strong></span> <span class='ocrx_word' id='word_1_172' title='bbox 1338 2050 1473 2130; x_wconf 83' lang='lat' dir='ltr'><strong><em>aliquam</em></strong></span> <span class='ocrx_word' id='word_1_173' title='bbox 1491 2052 1525 2112; x_wconf 91' lang='lat' dir='ltr'><strong><em>in</em></strong></span> <span class='ocrx_word' id='word_1_174' title='bbox 1547 2071 1597 2114; x_wconf 91' lang='lat' dir='ltr'><strong><em>suo</em></strong></span> 
     </span>
     <span class='ocr_line' id='line_1_20' title="bbox 352 2132 1598 2219; baseline -0.005 -17"><span class='ocrx_word' id='word_1_175' title='bbox 352 2138 477 2216; x_wconf 80' lang='lat' dir='ltr'><strong><em>auxilia,</em></strong></span> <span class='ocrx_word' id='word_1_176' title='bbox 497 2138 609 2219; x_wconf 90' lang='lat' dir='ltr'><strong><em>quibus</em></strong></span> <span class='ocrx_word' id='word_1_177' title='bbox 629 2154 713 2199; x_wconf 89' lang='lat' dir='ltr'><strong><em>mens</em></strong></span> <span class='ocrx_word' id='word_1_178' title='bbox 733 2132 864 2196; x_wconf 89' lang='lat' dir='ltr'><strong><em>hominis</em></strong></span> <span class='ocrx_word' id='word_1_179' title='bbox 883 2132 956 2194; x_wconf 89' lang='lat' dir='ltr'><strong><em>iliu·</em></strong></span> <span class='ocrx_word' id='word_1_180' title='bbox 997 2153 1065 2196; x_wconf 87' lang='lat' dir='ltr'><strong><em>esse</em></strong></span> <span class='ocrx_word' id='word_1_181' title='bbox 1085 2135 1241 2196; x_wconf 87' lang='lat' dir='ltr'><strong><em>constituit</em></strong></span> <span class='ocrx_word' id='word_1_182' title='bbox 1258 2144 1349 2214; x_wconf 88' lang='lat' dir='ltr'><strong><em>atque</em></strong></span> <span class='ocrx_word' id='word_1_183' title='bbox 1376 2135 1415 2196; x_wconf 89' lang='lat' dir='ltr'><strong><em>ab</em></strong></span> <span class='ocrx_word' id='word_1_184' title='bbox 1443 2136 1528 2196; x_wconf 92' lang='lat' dir='ltr'><strong><em>omni</em></strong></span> <span class='ocrx_word' id='word_1_185' title='bbox 1545 2136 1598 2198; x_wconf 87' lang='lat' dir='ltr'><strong><em>alis</em></strong></span> 
     </span>
     <span class='ocr_line' id='line_1_21' title="bbox 353 2214 1598 2298; baseline -0.004 -12"><span class='ocrx_word' id='word_1_186' title='bbox 353 2232 478 2297; x_wconf 88' lang='lat' dir='ltr'><strong><em>stratur,</em></strong></span> <span class='ocrx_word' id='word_1_187' title='bbox 498 2222 666 2295; x_wconf 85' lang='lat' dir='ltr'><strong><em>excitatur,</em></strong></span> <span class='ocrx_word' id='word_1_188' title='bbox 688 2215 903 2280; x_wconf 89' lang='lat' dir='ltr'><strong><em>corroboratur</em></strong></span> <span class='ocrx_word' id='word_1_189' title='bbox 920 2214 959 2277; x_wconf 89' lang='lat' dir='ltr'><strong><em>ad</em></strong></span> <span class='ocrx_word' id='word_1_190' title='bbox 999 2217 1166 2296; x_wconf 75' lang='lat' dir='ltr'><strong><em>distinguit,</em></strong></span> <span class='ocrx_word' id='word_1_191' title='bbox 1187 2227 1278 2298; x_wconf 88' lang='lat' dir='ltr'><strong><em>atque</em></strong></span> <span class='ocrx_word' id='word_1_192' title='bbox 1296 2217 1439 2280; x_wconf 84' lang='lat' dir='ltr'><strong><em>motivum</em></strong></span> <span class='ocrx_word' id='word_1_193' title='bbox 1462 2238 1518 2281; x_wconf 88' lang='lat' dir='ltr'><strong><em>seu</em></strong></span> <span class='ocrx_word' id='word_1_194' title='bbox 1533 2220 1598 2281; x_wconf 91' lang='lat' dir='ltr'><strong><em>iun·</em></strong></span> 
     </span>
     <span class='ocr_line' id='line_1_22' title="bbox 353 2299 1598 2384; baseline -0.002 -17"><span class='ocrx_word' id='word_1_195' title='bbox 353 2307 508 2370; x_wconf 82' lang='lat' dir='ltr'><strong><em>veritatem</em></strong></span> <span class='ocrx_word' id='word_1_196' title='bbox 527 2302 790 2382; x_wconf 80' lang='lat' dir='ltr'><strong><em>cognoscendam,</em></strong></span> <span class='ocrx_word' id='word_1_197' title='bbox 814 2299 853 2361; x_wconf 88' lang='lat' dir='ltr'><strong><em>ad</em></strong></span> <span class='ocrx_word' id='word_1_198' title='bbox 871 2318 959 2362; x_wconf 84' lang='lat' dir='ltr'><strong><em>exer·</em></strong></span> <span class='ocrx_word' id='word_1_199' title='bbox 1001 2301 1176 2364; x_wconf 86' lang='lat' dir='ltr'><strong><em>dementum</em></strong></span> <span class='ocrx_word' id='word_1_200' title='bbox 1202 2304 1324 2365; x_wconf 83' lang='lat' dir='ltr'><strong><em>exhibet</em></strong></span> <span class='ocrx_word' id='word_1_201' title='bbox 1339 2302 1496 2384; x_wconf 90' lang='lat' dir='ltr'><strong><em>proprium</em></strong></span> <span class='ocrx_word' id='word_1_202' title='bbox 1519 2304 1598 2366; x_wconf 93' lang='lat' dir='ltr'><strong><em>eius-</em></strong></span> 
     </span>
     <span class='ocr_line' id='line_1_23' title="bbox 355 2383 1600 2468; baseline -0.003 -16"><span class='ocrx_word' id='word_1_203' title='bbox 355 2390 480 2453; x_wconf 89' lang='lat' dir='ltr'><strong><em>ceudam</em></strong></span> <span class='ocrx_word' id='word_1_204' title='bbox 500 2389 653 2463; x_wconf 84' lang='lat' dir='ltr'><strong><em>virtutem,</em></strong></span> <span class='ocrx_word' id='word_1_205' title='bbox 673 2385 711 2447; x_wconf 91' lang='lat' dir='ltr'><strong><em>ad</em></strong></span> <span class='ocrx_word' id='word_1_206' title='bbox 728 2383 890 2446; x_wconf 84' lang='lat' dir='ltr'><strong><em>vincendas</em></strong></span> <span class='ocrx_word' id='word_1_207' title='bbox 909 2402 963 2444; x_wconf 93' lang='lat' dir='ltr'><strong><em>cu·</em></strong></span> <span class='ocrx_word' id='word_1_208' title='bbox 1003 2385 1070 2448; x_wconf 90' lang='lat' dir='ltr'><strong><em>dem</em></strong></span> <span class='ocrx_word' id='word_1_209' title='bbox 1100 2386 1230 2448; x_wconf 76' lang='lat' dir='ltr'><strong><em>virtutis.</em></strong></span> <span class='ocrx_word' id='word_1_210' title='bbox 1250 2386 1312 2449; x_wconf 90' lang='lat' dir='ltr'><strong><em>lam</em></strong></span> <span class='ocrx_word' id='word_1_211' title='bbox 1341 2405 1411 2447; x_wconf 81' lang='lat' dir='ltr'><strong><em>uero</em></strong></span> <span class='ocrx_word' id='word_1_212' title='bbox 1437 2387 1534 2466; x_wconf 92' lang='lat' dir='ltr'><strong><em>illud,</em></strong></span> <span class='ocrx_word' id='word_1_213' title='bbox 1553 2405 1600 2468; x_wconf 87' lang='lat' dir='ltr'><strong><em>per</em></strong></span> 
     </span>
     <span class='ocr_line' id='line_1_24' title="bbox 358 2466 1600 2556; baseline -0.003 -21"><span class='ocrx_word' id='word_1_214' title='bbox 358 2474 519 2556; x_wconf 88' lang='lat' dir='ltr'><strong><em>piditates,</em></strong></span> <span class='ocrx_word' id='word_1_215' title='bbox 552 2471 590 2533; x_wconf 89' lang='lat' dir='ltr'><strong><em>ad</em></strong></span> <span class='ocrx_word' id='word_1_216' title='bbox 616 2477 737 2552; x_wconf 86' lang='lat' dir='ltr'><strong><em>peccata</em></strong></span> <span class='ocrx_word' id='word_1_217' title='bbox 761 2466 960 2544; x_wconf 89' lang='lat' dir='ltr'><strong><em>declinanda;</em></strong></span> <span class='ocrx_word' id='word_1_218' title='bbox 1003 2470 1085 2550; x_wconf 89' lang='lat' dir='ltr'><strong><em>quod</em></strong></span> <span class='ocrx_word' id='word_1_219' title='bbox 1109 2489 1179 2552; x_wconf 89' lang='lat' dir='ltr'><strong><em>spes</em></strong></span> <span class='ocrx_word' id='word_1_220' title='bbox 1200 2471 1363 2532; x_wconf 86' lang='lat' dir='ltr'><strong><em>christiana</em></strong></span> <span class='ocrx_word' id='word_1_221' title='bbox 1381 2471 1421 2532; x_wconf 90' lang='lat' dir='ltr'><strong><em>ab</em></strong></span> <span class='ocrx_word' id='word_1_222' title='bbox 1445 2472 1529 2533; x_wconf 90' lang='lat' dir='ltr'><strong><em>omni</em></strong></span> <span class='ocrx_word' id='word_1_223' title='bbox 1547 2471 1600 2533; x_wconf 84' lang='lat' dir='ltr'><strong><em>alie</em></strong></span> 
     </span>
     <span class='ocr_line' id='line_1_25' title="bbox 359 2550 1600 2635; baseline -0.003 -15"><span class='ocrx_word' id='word_1_224' title='bbox 359 2566 423 2620; x_wconf 91' lang='lat' dir='ltr'><strong><em>tum</em></strong></span> <span class='ocrx_word' id='word_1_225' title='bbox 457 2555 547 2618; x_wconf 90' lang='lat' dir='ltr'><strong><em>etiam</em></strong></span> <span class='ocrx_word' id='word_1_226' title='bbox 568 2552 743 2635; x_wconf 85' lang='lat' dir='ltr'><strong><em>temporalia</em></strong></span> <span class='ocrx_word' id='word_1_227' title='bbox 760 2550 896 2614; x_wconf 91' lang='lat' dir='ltr'><strong><em>subsidia</em></strong></span> <span class='ocrx_word' id='word_1_228' title='bbox 925 2550 964 2612; x_wconf 88' lang='lat' dir='ltr'><strong><em>ad</em></strong></span> <span class='ocrx_word' id='word_1_229' title='bbox 1003 2554 1110 2616; x_wconf 84' lang='lat' dir='ltr'><strong><em>virtute</em></strong></span> <span class='ocrx_word' id='word_1_230' title='bbox 1126 2555 1303 2633; x_wconf 81' lang='lat' dir='ltr'><strong><em>theologica,</em></strong></span> <span class='ocrx_word' id='word_1_231' title='bbox 1312 2555 1489 2635; x_wconf 85' lang='lat' dir='ltr'><strong><em>praesertim</em></strong></span> <span class='ocrx_word' id='word_1_232' title='bbox 1501 2572 1600 2617; x_wconf 84' lang='lat' dir='ltr'><strong><em>veroa</em></strong></span> 
     </span>
     <span class='ocr_line' id='line_1_26' title="bbox 361 2635 1676 2721; baseline -0.004 -17"><span class='ocrx_word' id='word_1_233' title='bbox 361 2643 442 2704; x_wconf 87' lang='lat' dir='ltr'><strong><em>banc</em></strong></span> <span class='ocrx_word' id='word_1_234' title='bbox 468 2640 558 2701; x_wconf 84' lang='lat' dir='ltr'><strong><em>vitam</em></strong></span> <span class='ocrx_word' id='word_1_235' title='bbox 576 2635 801 2701; x_wconf 86' lang='lat' dir='ltr'><strong><em>sustentandam</em></strong></span> <span class='ocrx_word' id='word_1_236' title='bbox 820 2653 856 2697; x_wconf 89' lang='lat' dir='ltr'><strong><em>ac</em></strong></span> <span class='ocrx_word' id='word_1_237' title='bbox 874 2643 964 2697; x_wconf 92' lang='lat' dir='ltr'><strong><em>tuen·</em></strong></span> <span class='ocrx_word' id='word_1_238' title='bbox 1004 2638 1141 2717; x_wconf 88' lang='lat' dir='ltr'><strong><em>caritate,</em></strong></span> <span class='ocrx_word' id='word_1_239' title='bbox 1161 2639 1329 2702; x_wconf 80' lang='lat' dir='ltr'><strong><em>secernitur</em></strong></span> <span class='ocrx_word' id='word_1_240' title='bbox 1342 2646 1389 2700; x_wconf 86' lang='lat' dir='ltr'><strong><em>est</em></strong></span> <span class='ocrx_word' id='word_1_241' title='bbox 1407 2639 1499 2718; x_wconf 85' lang='lat' dir='ltr'><strong><em>lleus,</em></strong></span> <span class='ocrx_word' id='word_1_242' title='bbox 1520 2646 1601 2721; x_wconf 91' lang='lat' dir='ltr'><strong><em>prout</em></strong></span> <span class='ocrx_word' id='word_1_243' title='bbox 1675 2684 1676 2691; x_wconf 34' lang='grc' dir='ltr'><strong>ι</strong></span> 
     </span>
     <span class='ocr_line' id='line_1_27' title="bbox 360 2718 1601 2803; baseline -0.004 -14"><span class='ocrx_word' id='word_1_244' title='bbox 360 2727 430 2788; x_wconf 90' lang='lat' dir='ltr'><strong><em>dam</em></strong></span> <span class='ocrx_word' id='word_1_245' title='bbox 451 2723 642 2801; x_wconf 83' lang='lat' dir='ltr'><strong><em>necessaria,</em></strong></span> <span class='ocrx_word' id='word_1_246' title='bbox 663 2729 811 2803; x_wconf 89' lang='lat' dir='ltr'><strong><em>quatenus</em></strong></span> <span class='ocrx_word' id='word_1_247' title='bbox 829 2718 866 2781; x_wconf 91' lang='lat' dir='ltr'><strong><em>ad</em></strong></span> <span class='ocrx_word' id='word_1_248' title='bbox 887 2738 965 2782; x_wconf 92' lang='lat' dir='ltr'><strong><em>eun·</em></strong></span> <span class='ocrx_word' id='word_1_249' title='bbox 1005 2731 1052 2783; x_wconf 88' lang='lat' dir='ltr'><strong><em>est</em></strong></span> <span class='ocrx_word' id='word_1_250' title='bbox 1070 2721 1183 2784; x_wconf 91' lang='lat' dir='ltr'><strong><em>bonum</em></strong></span> <span class='ocrx_word' id='word_1_251' title='bbox 1210 2731 1372 2800; x_wconf 89' lang='lat' dir='ltr'><strong><em>nostrum,</em></strong></span> <span class='ocrx_word' id='word_1_252' title='bbox 1402 2742 1459 2784; x_wconf 90' lang='lat' dir='ltr'><strong><em>seu</em></strong></span> <span class='ocrx_word' id='word_1_253' title='bbox 1489 2743 1601 2786; x_wconf 84' lang='lat' dir='ltr'><strong><em>summe</em></strong></span> 
     </span>
     <span class='ocr_line' id='line_1_28' title="bbox 363 2804 1601 2890; baseline -0.003 -18"><span class='ocrx_word' id='word_1_254' title='bbox 363 2810 431 2874; x_wconf 93' lang='lat' dir='ltr'><strong><em>dem</em></strong></span> <span class='ocrx_word' id='word_1_255' title='bbox 451 2805 645 2875; x_wconf 89' lang='lat' dir='ltr'><strong><em>beatitudinis</em></strong></span> <span class='ocrx_word' id='word_1_256' title='bbox 663 2814 803 2870; x_wconf 88' lang='lat' dir='ltr'><strong><em>aeternae</em></strong></span> <span class='ocrx_word' id='word_1_257' title='bbox 818 2804 907 2866; x_wconf 86' lang='lat' dir='ltr'><strong><em>finem</em></strong></span> <span class='ocrx_word' id='word_1_258' title='bbox 929 2823 965 2866; x_wconf 91' lang='lat' dir='ltr'><strong><em>a·</em></strong></span> <span class='ocrx_word' id='word_1_259' title='bbox 1007 2806 1161 2869; x_wconf 88' lang='lat' dir='ltr'><strong><em>beatitudo</em></strong></span> <span class='ocrx_word' id='word_1_260' title='bbox 1183 2816 1307 2885; x_wconf 88' lang='lat' dir='ltr'><strong><em>nostra,</em></strong></span> <span class='ocrx_word' id='word_1_261' title='bbox 1328 2806 1491 2888; x_wconf 87' lang='lat' dir='ltr'><strong><em>aliquando</em></strong></span> <span class='ocrx_word' id='word_1_262' title='bbox 1509 2808 1601 2890; x_wconf 89' lang='lat' dir='ltr'><strong><em>possi-</em></strong></span> 
     </span>
     <span class='ocr_line' id='line_1_29' title="bbox 361 2887 1603 2976; baseline -0.003 -20"><span class='ocrx_word' id='word_1_263' title='bbox 361 2895 446 2976; x_wconf 86' lang='lat' dir='ltr'><strong><em>liquo</em></strong></span> <span class='ocrx_word' id='word_1_264' title='bbox 477 2892 567 2958; x_wconf 91' lang='lat' dir='ltr'><strong><em>modo</em></strong></span> <span class='ocrx_word' id='word_1_265' title='bbox 595 2892 778 2954; x_wconf 84' lang='lat' dir='ltr'><strong><em>reseruntur.</em></strong></span> <span class='ocrx_word' id='word_1_266' title='bbox 807 2887 868 2950; x_wconf 90' lang='lat' dir='ltr'><strong><em>Nec</em></strong></span> <span class='ocrx_word' id='word_1_267' title='bbox 884 2888 965 2950; x_wconf 89' lang='lat' dir='ltr'><strong><em>enim</em></strong></span> <span class='ocrx_word' id='word_1_268' title='bbox 1006 2890 1123 2954; x_wconf 92' lang='lat' dir='ltr'><strong><em>dendus</em></strong></span> <span class='ocrx_word' id='word_1_269' title='bbox 1138 2899 1172 2953; x_wconf 90' lang='lat' dir='ltr'><strong><em>ut</em></strong></span> <span class='ocrx_word' id='word_1_270' title='bbox 1189 2891 1314 2954; x_wconf 89' lang='lat' dir='ltr'><strong><em>ultimus</em></strong></span> <span class='ocrx_word' id='word_1_271' title='bbox 1331 2891 1400 2952; x_wconf 86' lang='lat' dir='ltr'><strong><em>linis</em></strong></span> <span class='ocrx_word' id='word_1_272' title='bbox 1415 2901 1530 2970; x_wconf 88' lang='lat' dir='ltr'><strong><em>noster,</em></strong></span> <span class='ocrx_word' id='word_1_273' title='bbox 1548 2909 1603 2953; x_wconf 92' lang='lat' dir='ltr'><strong><em>non</em></strong></span> 
     </span>
     <span class='ocr_line' id='line_1_30' title="bbox 362 2972 1603 3058; baseline -0.004 -17"><span class='ocrx_word' id='word_1_274' title='bbox 362 2980 438 3041; x_wconf 88' lang='lat' dir='ltr'><strong><em>baec</em></strong></span> <span class='ocrx_word' id='word_1_275' title='bbox 456 2977 558 3042; x_wconf 85' lang='lat' dir='ltr'><strong><em>omnia</em></strong></span> <span class='ocrx_word' id='word_1_276' title='bbox 576 2984 677 3058; x_wconf 90' lang='lat' dir='ltr'><strong><em>petere</em></strong></span> <span class='ocrx_word' id='word_1_277' title='bbox 695 2982 748 3036; x_wconf 93' lang='lat' dir='ltr'><strong><em>aut</em></strong></span> <span class='ocrx_word' id='word_1_278' title='bbox 758 2991 879 3055; x_wconf 88' lang='lat' dir='ltr'><strong><em>sperare</em></strong></span> <span class='ocrx_word' id='word_1_279' title='bbox 896 2972 968 3034; x_wconf 91' lang='lat' dir='ltr'><strong><em>licet</em></strong></span> <span class='ocrx_word' id='word_1_280' title='bbox 1007 2974 1073 3036; x_wconf 90' lang='lat' dir='ltr'><strong><em>siue</em></strong></span> <span class='ocrx_word' id='word_1_281' title='bbox 1088 2985 1188 3037; x_wconf 74' lang='lat' dir='ltr'><strong><em>umen</em></strong></span> <span class='ocrx_word' id='word_1_282' title='bbox 1202 2975 1305 3055; x_wconf 87' lang='lat' dir='ltr'><strong><em>aliqua</em></strong></span> <span class='ocrx_word' id='word_1_283' title='bbox 1322 2975 1474 3038; x_wconf 87' lang='lat' dir='ltr'><strong><em>arduitate</em></strong></span> <span class='ocrx_word' id='word_1_284' title='bbox 1493 2985 1524 3038; x_wconf 89' lang='lat' dir='ltr'><strong><em>et</em></strong></span> <span class='ocrx_word' id='word_1_285' title='bbox 1535 2976 1603 3036; x_wconf 85' lang='lat' dir='ltr'><strong><em>diffi-</em></strong></span> 
     </span>
     <span class='ocr_line' id='line_1_31' title="bbox 363 3056 1602 3140; baseline -0.004 -16"><span class='ocrx_word' id='word_1_286' title='bbox 363 3062 423 3124; x_wconf 90' lang='lat' dir='ltr'><strong><em>nisi</em></strong></span> <span class='ocrx_word' id='word_1_287' title='bbox 453 3080 471 3122; x_wconf 90' lang='lat' dir='ltr'><strong><em>a</em></strong></span> <span class='ocrx_word' id='word_1_288' title='bbox 492 3061 579 3132; x_wconf 85' lang='lat' dir='ltr'><strong><em>lleo,</em></strong></span> <span class='ocrx_word' id='word_1_289' title='bbox 611 3067 644 3120; x_wconf 89' lang='lat' dir='ltr'><strong><em>ut</em></strong></span> <span class='ocrx_word' id='word_1_290' title='bbox 665 3065 823 3139; x_wconf 90' lang='lat' dir='ltr'><strong><em>propterea</em></strong></span> <span class='ocrx_word' id='word_1_291' title='bbox 844 3056 969 3118; x_wconf 88' lang='lat' dir='ltr'><strong><em>iubeant</em></strong></span> <span class='ocrx_word' id='word_1_292' title='bbox 1008 3058 1130 3137; x_wconf 83' lang='lat' dir='ltr'><strong><em>cultata,</em></strong></span> <span class='ocrx_word' id='word_1_293' title='bbox 1147 3078 1236 3140; x_wconf 89' lang='lat' dir='ltr'><strong><em>quam</em></strong></span> <span class='ocrx_word' id='word_1_294' title='bbox 1247 3059 1366 3122; x_wconf 83' lang='lat' dir='ltr'><strong><em>vincere</em></strong></span> <span class='ocrx_word' id='word_1_295' title='bbox 1380 3059 1542 3140; x_wconf 88' lang='lat' dir='ltr'><strong><em>nequimus</em></strong></span> <span class='ocrx_word' id='word_1_296' title='bbox 1551 3058 1602 3120; x_wconf 90' lang='lat' dir='ltr'><strong><em>nisi</em></strong></span> 
     </span>
     <span class='ocr_line' id='line_1_32' title="bbox 363 3141 1604 3230; baseline -0.002 -22"><span class='ocrx_word' id='word_1_297' title='bbox 363 3141 836 3230; x_wconf 75' lang='lat' dir='ltr'><strong><em>nosSppipturaesollicitudinem</em></strong></span> <span class='ocrx_word' id='word_1_298' title='bbox 848 3159 967 3202; x_wconf 90' lang='lat' dir='ltr'><strong><em>omnem</em></strong></span> <span class='ocrx_word' id='word_1_299' title='bbox 1009 3160 1063 3223; x_wconf 91' lang='lat' dir='ltr'><strong><em>per</em></strong></span> <span class='ocrx_word' id='word_1_300' title='bbox 1080 3144 1320 3224; x_wconf 87' lang='lat' dir='ltr'><strong><em>supernaturalia</em></strong></span> <span class='ocrx_word' id='word_1_301' title='bbox 1338 3143 1391 3205; x_wconf 87' lang='lat' dir='ltr'><strong><em>Dei</em></strong></span> <span class='ocrx_word' id='word_1_302' title='bbox 1423 3145 1522 3225; x_wconf 90' lang='lat' dir='ltr'><strong><em>ipsius</em></strong></span> <span class='ocrx_word' id='word_1_303' title='bbox 1540 3145 1604 3206; x_wconf 88' lang='lat' dir='ltr'><strong><em>sub·</em></strong></span> 
     </span>
     <span class='ocr_line' id='line_1_33' title="bbox 365 3224 1613 3308; baseline -0.002 -18"><span class='ocrx_word' id='word_1_304' title='bbox 365 3229 500 3291; x_wconf 80' lang='lat' dir='ltr'><strong><em>nostram</em></strong></span> <span class='ocrx_word' id='word_1_305' title='bbox 533 3226 564 3293; x_wconf 90' lang='lat' dir='ltr'><strong><em>in</em></strong></span> <span class='ocrx_word' id='word_1_306' title='bbox 591 3225 720 3287; x_wconf 83' lang='lat' dir='ltr'><strong><em>diuinam</em></strong></span> <span class='ocrx_word' id='word_1_307' title='bbox 752 3224 969 3305; x_wconf 84' lang='lat' dir='ltr'><strong><em>providentiam</em></strong></span> <span class='ocrx_word' id='word_1_308' title='bbox 1010 3225 1087 3288; x_wconf 91' lang='lat' dir='ltr'><strong><em>sidia</em></strong></span> <span class='ocrx_word' id='word_1_309' title='bbox 1102 3227 1190 3289; x_wconf 90' lang='lat' dir='ltr'><strong><em>nobis</em></strong></span> <span class='ocrx_word' id='word_1_310' title='bbox 1206 3227 1353 3308; x_wconf 89' lang='lat' dir='ltr'><strong><em>promissa</em></strong></span> <span class='ocrx_word' id='word_1_311' title='bbox 1368 3228 1407 3289; x_wconf 91' lang='lat' dir='ltr'><strong><em>ob</em></strong></span> <span class='ocrx_word' id='word_1_312' title='bbox 1421 3228 1533 3291; x_wconf 87' lang='lat' dir='ltr'><strong><em>Christi</em></strong></span> <span class='ocrx_word' id='word_1_313' title='bbox 1551 3246 1613 3289; x_wconf 90' lang='lat' dir='ltr'><strong><em>me·.</em></strong></span> 
     </span>
     <span class='ocr_line' id='line_1_34' title="bbox 367 3307 1605 3394; baseline -0.002 -20"><span class='ocrx_word' id='word_1_314' title='bbox 367 3311 539 3394; x_wconf 85' lang='lat' dir='ltr'><strong><em>prolicere,</em></strong></span> <span class='ocrx_word' id='word_1_315' title='bbox 557 3327 655 3390; x_wconf 91' lang='lat' dir='ltr'><strong><em>neque</em></strong></span> <span class='ocrx_word' id='word_1_316' title='bbox 673 3308 732 3370; x_wconf 88' lang='lat' dir='ltr'><strong><em>alio</em></strong></span> <span class='ocrx_word' id='word_1_317' title='bbox 751 3309 831 3384; x_wconf 85' lang='lat' dir='ltr'><strong><em>fine,</em></strong></span> <span class='ocrx_word' id='word_1_318' title='bbox 859 3307 918 3368; x_wconf 92' lang='lat' dir='ltr'><strong><em>nisi</em></strong></span> <span class='ocrx_word' id='word_1_319' title='bbox 937 3315 971 3368; x_wconf 91' lang='lat' dir='ltr'><strong><em>ut</em></strong></span> <span class='ocrx_word' id='word_1_320' title='bbox 1010 3309 1080 3371; x_wconf 89' lang='lat' dir='ltr'><strong><em>rita.</em></strong></span> <span class='ocrx_word' id='word_1_321' title='bbox 1100 3308 1165 3382; x_wconf 81' lang='lat' dir='ltr'><strong><em>Quo</em></strong></span> <span class='ocrx_word' id='word_1_322' title='bbox 1183 3311 1227 3387; x_wconf 83' lang='lat' dir='ltr'><strong><em>fis,</em></strong></span> <span class='ocrx_word' id='word_1_323' title='bbox 1244 3320 1277 3373; x_wconf 91' lang='lat' dir='ltr'><strong><em>ut</em></strong></span> <span class='ocrx_word' id='word_1_324' title='bbox 1291 3312 1400 3393; x_wconf 86' lang='lat' dir='ltr'><strong><em>duplex</em></strong></span> <span class='ocrx_word' id='word_1_325' title='bbox 1414 3313 1605 3392; x_wconf 90' lang='lat' dir='ltr'><strong><em>quodammo-</em></strong></span> 
     </span>
     <span class='ocr_line' id='line_1_35' title="bbox 367 3390 1613 3479; baseline -0.001 -21"><span class='ocrx_word' id='word_1_326' title='bbox 367 3397 406 3458; x_wconf 89' lang='lat' dir='ltr'><strong><em>iis</em></strong></span> <span class='ocrx_word' id='word_1_327' title='bbox 423 3403 504 3458; x_wconf 90' lang='lat' dir='ltr'><strong><em>recte</em></strong></span> <span class='ocrx_word' id='word_1_328' title='bbox 521 3401 640 3457; x_wconf 88' lang='lat' dir='ltr'><strong><em>utentes</em></strong></span> <span class='ocrx_word' id='word_1_329' title='bbox 663 3401 787 3454; x_wconf 91' lang='lat' dir='ltr'><strong><em>aeterua</em></strong></span> <span class='ocrx_word' id='word_1_330' title='bbox 805 3390 971 3454; x_wconf 87' lang='lat' dir='ltr'><strong><em>beatitudi·</em></strong></span> <span class='ocrx_word' id='word_1_331' title='bbox 1012 3393 1050 3454; x_wconf 95' lang='lat' dir='ltr'><strong><em>do</em></strong></span> <span class='ocrx_word' id='word_1_332' title='bbox 1064 3394 1189 3474; x_wconf 85' lang='lat' dir='ltr'><strong><em>partiale</em></strong></span> <span class='ocrx_word' id='word_1_333' title='bbox 1206 3413 1241 3457; x_wconf 90' lang='lat' dir='ltr'><strong><em>ac</em></strong></span> <span class='ocrx_word' id='word_1_334' title='bbox 1254 3395 1487 3476; x_wconf 87' lang='lat' dir='ltr'><strong><em>inadaequatum</em></strong></span> <span class='ocrx_word' id='word_1_335' title='bbox 1504 3397 1567 3479; x_wconf 90' lang='lat' dir='ltr'><strong><em>spei</em></strong></span> <span class='ocrx_word' id='word_1_336' title='bbox 1578 3415 1613 3457; x_wconf 80' lang='lat' dir='ltr'><strong><em>o-</em></strong></span> 
     </span>
     <span class='ocr_line' id='line_1_36' title="bbox 368 3475 1606 3560; baseline -0.002 -17"><span class='ocrx_word' id='word_1_337' title='bbox 368 3499 407 3543; x_wconf 92' lang='lat' dir='ltr'><strong><em>ne</em></strong></span> <span class='ocrx_word' id='word_1_338' title='bbox 425 3477 577 3556; x_wconf 85' lang='lat' dir='ltr'><strong><em>digniores</em></strong></span> <span class='ocrx_word' id='word_1_339' title='bbox 599 3475 775 3540; x_wconf 86' lang='lat' dir='ltr'><strong><em>efficiamur.</em></strong></span> <span class='ocrx_word' id='word_1_340' title='bbox 1014 3476 1146 3539; x_wconf 90' lang='lat' dir='ltr'><strong><em>biectum</em></strong></span> <span class='ocrx_word' id='word_1_341' title='bbox 1158 3478 1284 3542; x_wconf 81' lang='lat' dir='ltr'><strong><em>formale</em></strong></span> <span class='ocrx_word' id='word_1_342' title='bbox 1292 3479 1402 3560; x_wconf 88' lang='lat' dir='ltr'><strong><em>pariter</em></strong></span> <span class='ocrx_word' id='word_1_343' title='bbox 1414 3479 1606 3558; x_wconf 79' lang='lat' dir='ltr'><strong><em>distinguatur</em></strong></span> 
     </span>
     <span class='ocr_line' id='line_1_37' title="bbox 413 3558 1606 3644; baseline 0 -19"><span class='ocrx_word' id='word_1_344' title='bbox 413 3564 464 3626; x_wconf 85' lang='lat' dir='ltr'><strong><em>ll.</em></strong></span> <span class='ocrx_word' id='word_1_345' title='bbox 481 3561 618 3644; x_wconf 92' lang='lat' dir='ltr'><strong><em>Insuper,</em></strong></span> <span class='ocrx_word' id='word_1_346' title='bbox 638 3559 785 3642; x_wconf 93' lang='lat' dir='ltr'><strong><em>quidquid</em></strong></span> <span class='ocrx_word' id='word_1_347' title='bbox 803 3579 822 3623; x_wconf 90' lang='lat' dir='ltr'><strong><em>a</em></strong></span> <span class='ocrx_word' id='word_1_348' title='bbox 840 3558 902 3622; x_wconf 87' lang='lat' dir='ltr'><strong><em>Deo</em></strong></span> <span class='ocrx_word' id='word_1_349' title='bbox 921 3577 973 3641; x_wconf 89' lang='lat' dir='ltr'><strong><em>pe·</em></strong></span> <span class='ocrx_word' id='word_1_350' title='bbox 1013 3560 1095 3622; x_wconf 81' lang='lat' dir='ltr'><strong><em>iuxta</em></strong></span> <span class='ocrx_word' id='word_1_351' title='bbox 1105 3561 1254 3644; x_wconf 85' lang='lat' dir='ltr'><strong><em>duplicem</em></strong></span> <span class='ocrx_word' id='word_1_352' title='bbox 1272 3573 1384 3641; x_wconf 90' lang='lat' dir='ltr'><strong><em>actum,</em></strong></span> <span class='ocrx_word' id='word_1_353' title='bbox 1400 3583 1460 3644; x_wconf 88' lang='lat' dir='ltr'><strong><em>quo</em></strong></span> <span class='ocrx_word' id='word_1_354' title='bbox 1473 3565 1506 3626; x_wconf 89' lang='lat' dir='ltr'><strong><em>in</em></strong></span> <span class='ocrx_word' id='word_1_355' title='bbox 1522 3565 1606 3627; x_wconf 83' lang='lat' dir='ltr'><strong><em>Deum</em></strong></span> 
     </span>
     <span class='ocr_line' id='line_1_38' title="bbox 370 3641 1608 3729; baseline 0.001 -19"><span class='ocrx_word' id='word_1_356' title='bbox 370 3647 556 3726; x_wconf 88' lang='lat' dir='ltr'><strong><em>timue,illud</em></strong></span> <span class='ocrx_word' id='word_1_357' title='bbox 568 3664 659 3708; x_wconf 91' lang='lat' dir='ltr'><strong><em>omne</em></strong></span> <span class='ocrx_word' id='word_1_358' title='bbox 671 3654 717 3707; x_wconf 91' lang='lat' dir='ltr'><strong><em>est</em></strong></span> <span class='ocrx_word' id='word_1_359' title='bbox 731 3644 883 3708; x_wconf 90' lang='lat' dir='ltr'><strong><em>obiectum</em></strong></span> <span class='ocrx_word' id='word_1_360' title='bbox 895 3641 971 3725; x_wconf 89' lang='lat' dir='ltr'><strong><em>spei,</em></strong></span> <span class='ocrx_word' id='word_1_361' title='bbox 1014 3645 1175 3708; x_wconf 86' lang='lat' dir='ltr'><strong><em>tendimus.</em></strong></span> <span class='ocrx_word' id='word_1_362' title='bbox 1185 3646 1319 3710; x_wconf 83' lang='lat' dir='ltr'><strong><em>Alterum</em></strong></span> <span class='ocrx_word' id='word_1_363' title='bbox 1329 3647 1459 3710; x_wconf 84' lang='lat' dir='ltr'><strong><em>estlleus</em></strong></span> <span class='ocrx_word' id='word_1_364' title='bbox 1469 3648 1535 3729; x_wconf 90' lang='lat' dir='ltr'><strong><em>ipse</em></strong></span> <span class='ocrx_word' id='word_1_365' title='bbox 1548 3650 1608 3711; x_wconf 72' lang='lat' dir='ltr'><strong><em>bes</em></strong></span> 
     </span>
     <span class='ocr_line' id='line_1_39' title="bbox 370 3727 1609 3813; baseline -0.002 -19"><span class='ocrx_word' id='word_1_366' title='bbox 370 3732 444 3813; x_wconf 89' lang='lat' dir='ltr'><strong><em>quia</em></strong></span> <span class='ocrx_word' id='word_1_367' title='bbox 465 3730 562 3793; x_wconf 90' lang='lat' dir='ltr'><strong><em>oratio</em></strong></span> <span class='ocrx_word' id='word_1_368' title='bbox 584 3728 728 3792; x_wconf 80' lang='lat' dir='ltr'><strong><em>fundatur</em></strong></span> <span class='ocrx_word' id='word_1_369' title='bbox 745 3729 776 3790; x_wconf 92' lang='lat' dir='ltr'><strong><em>in</em></strong></span> <span class='ocrx_word' id='word_1_370' title='bbox 801 3747 866 3810; x_wconf 87' lang='lat' dir='ltr'><strong><em>spe.</em></strong></span> <span class='ocrx_word' id='word_1_371' title='bbox 891 3727 975 3790; x_wconf 88' lang='lat' dir='ltr'><strong><em>Peti—</em></strong></span> <span class='ocrx_word' id='word_1_372' title='bbox 1015 3729 1143 3808; x_wconf 84' lang='lat' dir='ltr'><strong><em>tilicans,</em></strong></span> <span class='ocrx_word' id='word_1_373' title='bbox 1156 3730 1188 3792; x_wconf 91' lang='lat' dir='ltr'><strong><em>in</em></strong></span> <span class='ocrx_word' id='word_1_374' title='bbox 1199 3750 1289 3812; x_wconf 88' lang='lat' dir='ltr'><strong><em>quem</em></strong></span> <span class='ocrx_word' id='word_1_375' title='bbox 1301 3750 1354 3813; x_wconf 92' lang='lat' dir='ltr'><strong><em>per</em></strong></span> <span class='ocrx_word' id='word_1_376' title='bbox 1365 3740 1465 3794; x_wconf 86' lang='lat' dir='ltr'><strong><em>actum</em></strong></span> <span class='ocrx_word' id='word_1_377' title='bbox 1474 3730 1609 3795; x_wconf 89' lang='lat' dir='ltr'><strong><em>desiderii</em></strong></span> 
     </span>
     <span class='ocr_line' id='line_1_40' title="bbox 371 3812 1609 3895; baseline -0.002 -16"><span class='ocrx_word' id='word_1_378' title='bbox 371 3835 440 3879; x_wconf 91' lang='lat' dir='ltr'><strong><em>mus</em></strong></span> <span class='ocrx_word' id='word_1_379' title='bbox 457 3823 557 3878; x_wconf 90' lang='lat' dir='ltr'><strong><em>autem</em></strong></span> <span class='ocrx_word' id='word_1_380' title='bbox 574 3833 592 3876; x_wconf 87' lang='lat' dir='ltr'><strong><em>a</em></strong></span> <span class='ocrx_word' id='word_1_381' title='bbox 607 3813 668 3876; x_wconf 86' lang='lat' dir='ltr'><strong><em>Deo</em></strong></span> <span class='ocrx_word' id='word_1_382' title='bbox 680 3812 849 3895; x_wconf 86' lang='lat' dir='ltr'><strong><em>spiritualia</em></strong></span> <span class='ocrx_word' id='word_1_383' title='bbox 862 3819 977 3874; x_wconf 89' lang='lat' dir='ltr'><strong><em>ettem-</em></strong></span> <span class='ocrx_word' id='word_1_384' title='bbox 1015 3813 1144 3876; x_wconf 86' lang='lat' dir='ltr'><strong><em>efficacis</em></strong></span> <span class='ocrx_word' id='word_1_385' title='bbox 1151 3815 1312 3894; x_wconf 89' lang='lat' dir='ltr'><strong><em>tendimus;</em></strong></span> <span class='ocrx_word' id='word_1_386' title='bbox 1323 3816 1530 3892; x_wconf 78' lang='lat' dir='ltr'><strong><em>alterumrero</em></strong></span> <span class='ocrx_word' id='word_1_387' title='bbox 1538 3817 1609 3880; x_wconf 83' lang='lat' dir='ltr'><strong><em>Deus</em></strong></span> 
     </span>
     <span class='ocr_line' id='line_1_41' title="bbox 372 3895 1610 3982; baseline -0.002 -20"><span class='ocrx_word' id='word_1_388' title='bbox 372 3898 512 3982; x_wconf 82' lang='lat' dir='ltr'><strong><em>poralia3</em></strong></span> <span class='ocrx_word' id='word_1_389' title='bbox 532 3917 567 3962; x_wconf 88' lang='lat' dir='ltr'><strong><em>ac</em></strong></span> <span class='ocrx_word' id='word_1_390' title='bbox 585 3896 687 3959; x_wconf 89' lang='lat' dir='ltr'><strong><em>omnia</em></strong></span> <span class='ocrx_word' id='word_1_391' title='bbox 713 3916 769 3960; x_wconf 91' lang='lat' dir='ltr'><strong><em>suo</em></strong></span> <span class='ocrx_word' id='word_1_392' title='bbox 798 3895 886 3958; x_wconf 90' lang='lat' dir='ltr'><strong><em>modo</em></strong></span> <span class='ocrx_word' id='word_1_393' title='bbox 905 3903 977 3958; x_wconf 88' lang='lat' dir='ltr'><strong><em>eunt</em></strong></span> <span class='ocrx_word' id='word_1_394' title='bbox 1016 3897 1233 3961; x_wconf 75' lang='lat' dir='ltr'><strong><em>auxiliatorseu</em></strong></span> <span class='ocrx_word' id='word_1_395' title='bbox 1246 3899 1326 3980; x_wconf 87' lang='lat' dir='ltr'><strong><em>quod</em></strong></span> <span class='ocrx_word' id='word_1_396' title='bbox 1335 3899 1458 3980; x_wconf 88' lang='lat' dir='ltr'><strong><em>respicit</em></strong></span> <span class='ocrx_word' id='word_1_397' title='bbox 1468 3901 1569 3963; x_wconf 89' lang='lat' dir='ltr'><strong><em>media</em></strong></span> <span class='ocrx_word' id='word_1_398' title='bbox 1578 3899 1610 3962; x_wconf 86' lang='lat' dir='ltr'><strong><em>sd</em></strong></span> 
     </span>
     <span class='ocr_line' id='line_1_42' title="bbox 373 3980 1611 4064; baseline 0 -20"><span class='ocrx_word' id='word_1_399' title='bbox 373 3983 500 4044; x_wconf 88' lang='lat' dir='ltr'><strong><em>materia</em></strong></span> <span class='ocrx_word' id='word_1_400' title='bbox 521 3981 688 4044; x_wconf 82' lang='lat' dir='ltr'><strong><em>diuinarum</em></strong></span> <span class='ocrx_word' id='word_1_401' title='bbox 711 3981 975 4061; x_wconf 86' lang='lat' dir='ltr'><strong><em>promissionum,</em></strong></span> <span class='ocrx_word' id='word_1_402' title='bbox 1016 3980 1115 4062; x_wconf 88' lang='lat' dir='ltr'><strong><em>ipsum</em></strong></span> <span class='ocrx_word' id='word_1_403' title='bbox 1143 3983 1364 4064; x_wconf 87' lang='lat' dir='ltr'><strong><em>assequendum</em></strong></span> <span class='ocrx_word' id='word_1_404' title='bbox 1383 4001 1438 4064; x_wconf 92' lang='lat' dir='ltr'><strong><em>per</em></strong></span> <span class='ocrx_word' id='word_1_405' title='bbox 1455 3983 1611 4046; x_wconf 86' lang='lat' dir='ltr'><strong><em>voluntatis</em></strong></span> 
     </span>
     <span class='ocr_line' id='line_1_43' title="bbox 375 4063 1612 4147; baseline 0.001 -19"><span class='ocrx_word' id='word_1_406' title='bbox 375 4085 411 4128; x_wconf 83' lang='lat' dir='ltr'><strong><em>ac</em></strong></span> <span class='ocrx_word' id='word_1_407' title='bbox 440 4064 564 4146; x_wconf 92' lang='lat' dir='ltr'><strong><em>proinde</em></strong></span> <span class='ocrx_word' id='word_1_408' title='bbox 582 4063 709 4126; x_wconf 88' lang='lat' dir='ltr'><strong><em>materia</em></strong></span> <span class='ocrx_word' id='word_1_409' title='bbox 730 4065 806 4144; x_wconf 89' lang='lat' dir='ltr'><strong><em>spei.</em></strong></span> <span class='ocrx_word' id='word_1_410' title='bbox 823 4063 856 4126; x_wconf 90' lang='lat' dir='ltr'><strong><em>ld</em></strong></span> <span class='ocrx_word' id='word_1_411' title='bbox 877 4063 977 4145; x_wconf 91' lang='lat' dir='ltr'><strong><em>ipsum</em></strong></span> <span class='ocrx_word' id='word_1_412' title='bbox 1017 4073 1143 4144; x_wconf 90' lang='lat' dir='ltr'><strong><em>actum,</em></strong></span> <span class='ocrx_word' id='word_1_413' title='bbox 1169 4085 1229 4147; x_wconf 88' lang='lat' dir='ltr'><strong><em>quo</em></strong></span> <span class='ocrx_word' id='word_1_414' title='bbox 1249 4067 1375 4130; x_wconf 90' lang='lat' dir='ltr'><strong><em>nitimur</em></strong></span> <span class='ocrx_word' id='word_1_415' title='bbox 1401 4067 1534 4147; x_wconf 82' lang='lat' dir='ltr'><strong><em>vincere,</em></strong></span> <span class='ocrx_word' id='word_1_416' title='bbox 1557 4069 1612 4130; x_wconf 80' lang='lat' dir='ltr'><strong><em>lieo</em></strong></span> 
     </span>
     <span class='ocr_line' id='line_1_44' title="bbox 375 4146 1614 4231; baseline 0.002 -20"><span class='ocrx_word' id='word_1_417' title='bbox 375 4149 494 4211; x_wconf 87' lang='lat' dir='ltr'><strong><em>dicatur</em></strong></span> <span class='ocrx_word' id='word_1_418' title='bbox 508 4146 545 4208; x_wconf 94' lang='lat' dir='ltr'><strong><em>de</em></strong></span> <span class='ocrx_word' id='word_1_419' title='bbox 563 4165 598 4210; x_wconf 92' lang='lat' dir='ltr'><strong><em>eo</em></strong></span> <span class='ocrx_word' id='word_1_420' title='bbox 618 4147 711 4224; x_wconf 91' lang='lat' dir='ltr'><strong><em>omni,</em></strong></span> <span class='ocrx_word' id='word_1_421' title='bbox 727 4147 807 4226; x_wconf 88' lang='lat' dir='ltr'><strong><em>quod</em></strong></span> <span class='ocrx_word' id='word_1_422' title='bbox 824 4146 903 4209; x_wconf 89' lang='lat' dir='ltr'><strong><em>cadit</em></strong></span> <span class='ocrx_word' id='word_1_423' title='bbox 920 4147 978 4210; x_wconf 90' lang='lat' dir='ltr'><strong><em>sub</em></strong></span> <span class='ocrx_word' id='word_1_424' title='bbox 1018 4148 1191 4228; x_wconf 82' lang='lat' dir='ltr'><strong><em>auxiliante,</em></strong></span> <span class='ocrx_word' id='word_1_425' title='bbox 1208 4151 1408 4228; x_wconf 89' lang='lat' dir='ltr'><strong><em>difficultates,</em></strong></span> <span class='ocrx_word' id='word_1_426' title='bbox 1427 4170 1507 4231; x_wconf 90' lang='lat' dir='ltr'><strong><em>quae</em></strong></span> <span class='ocrx_word' id='word_1_427' title='bbox 1521 4152 1614 4215; x_wconf 90' lang='lat' dir='ltr'><strong><em>eidem</em></strong></span> 
     </span>
     <span class='ocr_line' id='line_1_45' title="bbox 375 4229 1614 4312; baseline 0.003 -18"><span class='ocrx_word' id='word_1_428' title='bbox 375 4232 539 4307; x_wconf 90' lang='lat' dir='ltr'><strong><em>meritum,</em></strong></span> <span class='ocrx_word' id='word_1_429' title='bbox 558 4229 734 4312; x_wconf 87' lang='lat' dir='ltr'><strong><em>praesertim</em></strong></span> <span class='ocrx_word' id='word_1_430' title='bbox 757 4230 794 4292; x_wconf 95' lang='lat' dir='ltr'><strong><em>de</em></strong></span> <span class='ocrx_word' id='word_1_431' title='bbox 818 4230 977 4307; x_wconf 83' lang='lat' dir='ltr'><strong><em>condigno.</em></strong></span> <span class='ocrx_word' id='word_1_432' title='bbox 1019 4233 1375 4298; x_wconf 85' lang='lat' dir='ltr'><strong><em>assecutioniobsistunt.</em></strong></span> <span class='ocrx_word' id='word_1_433' title='bbox 1389 4235 1430 4298; x_wconf 81' lang='lat' dir='ltr'><strong><em>Ex</em></strong></span> <span class='ocrx_word' id='word_1_434' title='bbox 1443 4236 1614 4299; x_wconf 87' lang='lat' dir='ltr'><strong><em>hisduobus</em></strong></span> 
     </span>
     <span class='ocr_line' id='line_1_46' title="bbox 376 4312 1614 4400; baseline 0.001 -20"><span class='ocrx_word' id='word_1_435' title='bbox 376 4316 445 4380; x_wconf 90' lang='lat' dir='ltr'><strong><em>Iure</em></strong></span> <span class='ocrx_word' id='word_1_436' title='bbox 460 4313 552 4393; x_wconf 83' lang='lat' dir='ltr'><strong><em>igitur</em></strong></span> <span class='ocrx_word' id='word_1_437' title='bbox 574 4312 726 4376; x_wconf 90' lang='lat' dir='ltr'><strong><em>obiectum</em></strong></span> <span class='ocrx_word' id='word_1_438' title='bbox 746 4313 901 4377; x_wconf 87' lang='lat' dir='ltr'><strong><em>materiale</em></strong></span> <span class='ocrx_word' id='word_1_439' title='bbox 915 4315 980 4397; x_wconf 90' lang='lat' dir='ltr'><strong><em>spei</em></strong></span> <span class='ocrx_word' id='word_1_440' title='bbox 1020 4316 1146 4380; x_wconf 88' lang='lat' dir='ltr'><strong><em>obiectis</em></strong></span> <span class='ocrx_word' id='word_1_441' title='bbox 1164 4318 1364 4400; x_wconf 89' lang='lat' dir='ltr'><strong><em>partialibus,</em></strong></span> <span class='ocrx_word' id='word_1_442' title='bbox 1383 4318 1554 4383; x_wconf 80' lang='lat' dir='ltr'><strong><em>virtualiter</em></strong></span> <span class='ocrx_word' id='word_1_443' title='bbox 1569 4320 1614 4382; x_wconf 93' lang='lat' dir='ltr'><strong><em>in-</em></strong></span> 
     </span>
     <span class='ocr_line' id='line_1_47' title="bbox 376 4397 1614 4481; baseline 0.001 -18"><span class='ocrx_word' id='word_1_444' title='bbox 376 4397 590 4464; x_wconf 88' lang='lat' dir='ltr'><strong><em>secundarium</em></strong></span> <span class='ocrx_word' id='word_1_445' title='bbox 611 4397 820 4460; x_wconf 87' lang='lat' dir='ltr'><strong><em>constituimus</em></strong></span> <span class='ocrx_word' id='word_1_446' title='bbox 838 4398 868 4461; x_wconf 89' lang='lat' dir='ltr'><strong><em>in</em></strong></span> <span class='ocrx_word' id='word_1_447' title='bbox 891 4398 981 4461; x_wconf 90' lang='lat' dir='ltr'><strong><em>adiu·</em></strong></span> <span class='ocrx_word' id='word_1_448' title='bbox 1021 4407 1066 4462; x_wconf 92' lang='lat' dir='ltr'><strong><em>ter</em></strong></span> <span class='ocrx_word' id='word_1_449' title='bbox 1090 4420 1123 4464; x_wconf 89' lang='lat' dir='ltr'><strong><em>se</em></strong></span> <span class='ocrx_word' id='word_1_450' title='bbox 1141 4403 1300 4481; x_wconf 89' lang='lat' dir='ltr'><strong><em>distinctis,</em></strong></span> <span class='ocrx_word' id='word_1_451' title='bbox 1321 4402 1452 4479; x_wconf 82' lang='lat' dir='ltr'><strong><em>exsurgit</em></strong></span> <span class='ocrx_word' id='word_1_452' title='bbox 1468 4405 1614 4467; x_wconf 90' lang='lat' dir='ltr'><strong><em>obiectum</em></strong></span> 
     </span>
     <span class='ocr_line' id='line_1_48' title="bbox 379 4481 1614 4569; baseline 0.002 -21"><span class='ocrx_word' id='word_1_453' title='bbox 379 4485 489 4548; x_wconf 88' lang='lat' dir='ltr'><strong><em>mentis</em></strong></span> <span class='ocrx_word' id='word_1_454' title='bbox 504 4481 658 4559; x_wconf 86' lang='lat' dir='ltr'><strong><em>omuibus,</em></strong></span> <span class='ocrx_word' id='word_1_455' title='bbox 678 4490 740 4545; x_wconf 92' lang='lat' dir='ltr'><strong><em>tum</em></strong></span> <span class='ocrx_word' id='word_1_456' title='bbox 759 4482 980 4566; x_wconf 90' lang='lat' dir='ltr'><strong><em>spiritualibus,</em></strong></span> <span class='ocrx_word' id='word_1_457' title='bbox 1021 4487 1112 4547; x_wconf 89' lang='lat' dir='ltr'><strong><em>totale</em></strong></span> <span class='ocrx_word' id='word_1_458' title='bbox 1127 4495 1156 4548; x_wconf 91' lang='lat' dir='ltr'><strong><em>et</em></strong></span> <span class='ocrx_word' id='word_1_459' title='bbox 1170 4488 1370 4569; x_wconf 90' lang='lat' dir='ltr'><strong><em>adaequatum</em></strong></span> <span class='ocrx_word' id='word_1_460' title='bbox 1385 4489 1512 4550; x_wconf 83' lang='lat' dir='ltr'><strong><em>formale</em></strong></span> <span class='ocrx_word' id='word_1_461' title='bbox 1525 4489 1614 4551; x_wconf 81' lang='lat' dir='ltr'><strong><em>virtu-</em></strong></span> 
     </span>
    </p>
   </div>
   <div class='ocr_carea' id='block_1_3' title="bbox 423 4568 1585 4743">
    <p class='ocr_par' dir='ltr' id='par_1_3' title="bbox 423 4568 1585 4743">
     <span class='ocr_line' id='line_1_49' title="bbox 425 4568 1153 4668; baseline -0.018 -15"><span class='ocrx_word' id='word_1_462' title='bbox 425 4601 450 4668; x_wconf 85' lang='grc' dir='ltr'><strong><em>ι)</em></strong></span> <span class='ocrx_word' id='word_1_463' title='bbox 468 4599 503 4664; x_wconf 87' lang='grc' dir='ltr'><strong><em>ιι,</em></strong></span> <span class='ocrx_word' id='word_1_464' title='bbox 521 4605 548 4664; x_wconf 86' lang='lat' dir='ltr'><strong><em>s,</em></strong></span> <span class='ocrx_word' id='word_1_465' title='bbox 561 4616 588 4668; x_wconf 88' lang='lat' dir='ltr'><strong><em>q.</em></strong></span> <span class='ocrx_word' id='word_1_466' title='bbox 604 4602 644 4662; x_wconf 85' lang='lat' dir='ltr'><strong><em>rr,</em></strong></span> <span class='ocrx_word' id='word_1_467' title='bbox 664 4607 714 4652; x_wconf 76' lang='lat' dir='ltr'><strong><em>sse.</em></strong></span> <span class='ocrx_word' id='word_1_468' title='bbox 727 4603 755 4654; x_wconf 75' lang='lat' dir='ltr'><strong><em>a.</em></strong></span> <span class='ocrx_word' id='word_1_469' title='bbox 1021 4568 1059 4630; x_wconf 89' lang='lat' dir='ltr'><strong><em>tis</em></strong></span> <span class='ocrx_word' id='word_1_470' title='bbox 1077 4570 1153 4651; x_wconf 77' lang='lat' dir='ltr'><strong><em>spei·</em></strong></span> 
     </span>
     <span class='ocr_line' id='line_1_50' title="bbox 423 4666 1585 4743; baseline -0.013 -3"><span class='ocrx_word' id='word_1_471' title='bbox 423 4671 450 4739; x_wconf 64' lang='grc' dir='ltr'><strong><em>Ξ)</em></strong></span> <span class='ocrx_word' id='word_1_472' title='bbox 462 4667 554 4721; x_wconf 64' lang='lat' dir='ltr'><strong><em>Mfflh·</em></strong></span> <span class='ocrx_word' id='word_1_473' title='bbox 569 4666 614 4733; x_wconf 87' lang='lat' dir='ltr'><strong><em>vl,</em></strong></span> <span class='ocrx_word' id='word_1_474' title='bbox 633 4672 677 4721; x_wconf 74' lang='lat'><strong><em>3³·</em></strong></span> <span class='ocrx_word' id='word_1_475' title='bbox 1057 4671 1096 4739; x_wconf 80' lang='grc' dir='ltr'><strong><em>(ὅ)</em></strong></span> <span class='ocrx_word' id='word_1_476' title='bbox 1113 4670 1155 4722; x_wconf 87' lang='lat' dir='ltr'><strong><em>Ci.</em></strong></span> <span class='ocrx_word' id='word_1_477' title='bbox 1167 4673 1272 4739; x_wconf 81' lang='lat' dir='ltr'><strong><em>Suureu,</em></strong></span> <span class='ocrx_word' id='word_1_478' title='bbox 1287 4671 1353 4743; x_wconf 89' lang='lat' dir='ltr'><strong><em>disp.</em></strong></span> <span class='ocrx_word' id='word_1_479' title='bbox 1368 4677 1393 4738; x_wconf 86' lang='lat' dir='ltr'><strong><em>l,</em></strong></span> <span class='ocrx_word' id='word_1_480' title='bbox 1406 4681 1470 4725; x_wconf 90' lang='lat' dir='ltr'><strong><em>sect.</em></strong></span> <span class='ocrx_word' id='word_1_481' title='bbox 1482 4678 1508 4740; x_wconf 86' lang='lat' dir='ltr'><strong><em>l,</em></strong></span> <span class='ocrx_word' id='word_1_482' title='bbox 1520 4689 1548 4726; x_wconf 92' lang='grc' dir='ltr'><strong><em>ιι.</em></strong></span> <span class='ocrx_word' id='word_1_483' title='bbox 1559 4676 1585 4725; x_wconf 84' lang='grc'><strong><em>8.</em></strong></span> 
     </span>
    </p>
   </div>
   <div class='ocr_carea' id='block_1_4' title="bbox 0 0 1910 5659">
    <p class='ocr_par' dir='ltr' id='par_1_4' title="bbox 0 0 1910 5659">
     <span class='ocr_line' id='line_1_51' title="bbox 0 0 1910 5659; baseline 0 0"><span class='ocrx_word' id='word_1_484' title='bbox 0 0 1910 5659; x_wconf 95' lang='lat' dir='ltr'><strong><em> </em></strong></span> 
     </span>
    </p>
   </div>
  </div>
 </body>
</html>
