3700 5659
729 436 765 451 'Q

425 469 469 532 'lh
951 489 989 534 nr
1008 486 1075 536 rma

379 577 449 638 lum
469 584 498 642 et
517 575 547 637 in
563 575 615 638 illo
634 595 686 659 spe
714 577 814 643 inlusa
832 589 862 646 et
878 600 988 662 super-
1030 578 1153 642 veniunt
1193 595 1283 660 penes
1315 576 1479 656 theologos.
1511 574 1625 640 Certum

385 660 554 741 naturali),
572 661 642 724 hinc
654 661 812 726 deducitur
827 665 989 728 necessitas
1030 673 1088 736 est,
1108 661 1195 724 iidem
1216 659 1348 742 aliquam
1367 657 1535 744 explicitam
1553 681 1626 741 qoo-

386 745 456 808 lidei
471 745 718 826 supernaturalis,
737 747 803 812 sine
821 769 883 831 qua
901 747 945 811 illi
958 768 991 815 a·
1030 747 1074 810 tis
1100 755 1234 826 ternpore
1266 745 1463 807 necessariam
1484 743 1576 806 luisse
1593 747 1628 806 ad

388 829 972 915 ctusnoluotatishaberinequeunl(l).
1030 831 1158 894 salutem
1178 829 1208 890 in
1226 829 1390 908 Christum,
1408 838 1441 890 ut
1454 849 1489 890 ex
1505 828 1628 890 demon-

429 913 503 975 300.
523 912 581 974 Sed
606 925 761 996 praeterea
787 916 988 981 necessariam
1031 914 1132 977 stratis
1146 921 1273 976 constat.

386 1017 456 1060 esse
474 998 577 1058 eadem
597 997 711 1061 ratione
741 1000 876 1064 bdemin
895 1001 989 1066 Deum
1073 997 1210 1060 Attamen
1247 999 1348 1080 plures
1379 997 1490 1076 gradus
1519 995 1573 1058 hac
1601 997 1627 1060 in

388 1090 588 1164 reparatorem
619 1101 673 1144 seu
687 1083 718 1146 iu
737 1083 953 1162 mediatorem,
973 1105 991 1148 a
1031 1080 1088 1144 irde
1101 1081 1336 1160 distinguuntur;
1351 1100 1457 1164 nempe
1474 1081 1541 1142 l⁰iu
1552 1079 1631 1143 Clu-i·

390 1165 450 1228 Deo
472 1184 525 1246 pro
543 1167 661 1242 generis
675 1169 798 1230 humani
815 1169 911 1232 salute
924 1170 992 1232 mil·
1031 1173 1110 1230 stum
1129 1165 1186 1228 sub
1207 1165 1346 1242 generice
1373 1165 1491 1228 ratione
1519 1165 1630 1226 media·

390 1249 511 1311 tendum
531 1257 583 1310 aut
603 1250 739 1326 missum,
762 1251 839 1314 idest
857 1253 887 1314 in
902 1253 991 1316 Chri·
1032 1250 1125 1326 toris,
1155 1249 1358 1312 iustihcatoris
1390 1259 1419 1312 et
1453 1249 1626 1322 salvatoris,

388 1345 479 1410 strun,
501 1352 535 1394 ex
554 1333 660 1394 iisdem
681 1334 843 1417 Scripturis
861 1338 991 1418 apertis·
1031 1332 1265 1416 praescindendo
1285 1353 1303 1398 a
1321 1333 1427 1396 mediis
1448 1331 1632 1415 particulari·

389 1420 465 1479 sime
484 1424 611 1478 constat.
633 1416 704 1480 llam
734 1438 761 1480 s.
792 1420 898 1482 Petrus
923 1422 989 1483 Act.
1033 1417 1089 1480 bus
1107 1417 1144 1482 ad
1162 1419 1288 1480 salutem
1304 1417 1380 1482 hanc
1397 1417 1591 1480 obtinendam
1604 1430 1632 1478 ct

389 1519 430 1579 ru,
449 1501 500 1576 lb,
522 1503 580 1563 Nec
593 1503 686 1578 enim,
706 1503 815 1584 inquit,
835 1505 919 1572 aliud
935 1524 991 1566 no·
1033 1501 1236 1578 efficiendam;
1257 1503 1289 1563 2⁰
1306 1503 1351 1564 vel
1367 1502 1398 1564 in
1412 1501 1565 1564 Christum
1581 1503 1630 1561 sub

389 1605 455 1647 ineo
473 1593 517 1645 est
535 1586 587 1646 aab
599 1587 675 1647 coelo
689 1589 794 1650 dntam
810 1590 991 1666 hominibus,
1033 1585 1151 1648 formali
1164 1586 1279 1648 ratione
1291 1585 1489 1667 redemptoris
1505 1605 1563 1648 seu
1578 1604 1634 1645 mo-

390 1671 423 1730 in
442 1687 498 1748 pao
515 1677 644 1747 oportent
667 1689 720 1733 nus
737 1673 833 1734 sulcos
854 1674 924 1752 deri
935 1695 948 1746 ;
968 1673 991 1734 l.
1033 1668 1169 1746 dicturis,
1190 1671 1241 1750 qui
1259 1669 1336 1732 Deus
1354 1679 1384 1732 et
1403 1671 1493 1732 bomo
1516 1670 1575 1746 sit3
1592 1671 1631 1730 ael

391 1753 432 1813 lo.
453 1771 485 1830 n,
507 1753 548 1813 2:
577 1754 641 1834 lpse
660 1753 844 1834 (Christus)
863 1765 903 1818 est
917 1776 994 1837 pro·
1034 1754 1065 1815 3⁰
1084 1751 1113 1814 in
1131 1753 1281 1817 Christum
1298 1753 1535 1836 redemptorem,
1557 1773 1634 1835 prac—

390 1837 509 1917 pitiotio
532 1854 589 1918 pro
619 1840 743 1917 peccoris
773 1838 811 1902 ao
830 1841 906 1913 lris;
933 1859 993 1902 raon
1034 1835 1230 1900 scindendoa
1250 1838 1353 1915 modo,
1371 1838 1633 1919 quaeamredem·

388 1939 444 2000 pro
461 1921 574 1983 nostris
592 1930 690 1984 nutem
714 1860 850 1998 torrendi,
882 1926 934 1987 sed
950 1935 993 1988 et·
1035 1921 1166 2002 ptionern
1187 1931 1267 1984 esset
1284 1923 1463 1998 effecturum
1488 1923 1539 1984 rel
1562 1922 1592 1982 l⁰
1606 1923 1632 1982 iu

392 2006 453 2067 iarn
473 2021 530 2084 pro
548 2007 639 2068 totius
656 2008 788 2081 morare·
812 2028 845 2070 as
863 2028 887 2070 s.
914 2008 995 2070 Pau·
1035 2005 1204 2084 Christum,
1239 2005 1291 2088 qui
1318 2015 1398 2068 esset
1426 2005 1633 2088 redempturus

392 2090 439 2150 lus
456 2088 621 2168 generatim
636 2093 809 2172 pronuntiat
840 2092 925 2154 horn.
950 2111 992 2171 m,
1037 2089 1188 2152 hominem
1209 2110 1261 2170 per
1283 2090 1475 2171 passionem,
1511 2100 1632 2155 mortem

390 2173 444 2250 al,
455 2173 508 2234 25:
527 2171 684 2256 leatificuti
691 2177 790 2256 prolia
798 2194 852 2256 per
864 2179 996 2258 pralium
1036 2191 1070 2238 ac
1086 2175 1336 2236 resurrectionem
1351 2193 1449 2236 suam.
1679 2181 1681 2240 l

393 2258 499 2336 ipsias,
519 2273 576 2338 per
599 2259 844 2339 redemptionem,
863 2279 937 2340 pirae
955 2271 996 2324 est
1081 2259 1153 2320 303.
1183 2257 1275 2320 Porro
1294 2257 1392 2340 quoad
1411 2267 1471 2320 tres
1489 2257 1635 2339 posterio·
1679 2259 1681 2326 l

393 2344 424 2400 iu
442 2341 560 2402 Christo
570 2341 647 2417 leret,
657 2360 740 2420 prtem
754 2346 905 2424 proposuit
916 2345 997 2410 Deras
1037 2360 1085 2404 res
1103 2342 1212 2420 gradus
1236 2344 1337 2424 plures
1356 2341 1494 2404 doctores
1514 2351 1634 2404 couleu-

392 2424 633 2504 propitiationem
645 2444 700 2505 por
716 2428 803 2507 fidem
822 2429 855 2490 in
873 2431 998 2510 conpari·
1037 2425 1129 2504 durat,
1149 2427 1336 2507 probabilius
1354 2425 1556 2491 sufficientem
1571 2426 1636 2490 luis·

393 2508 551 2587 meipsius,
571 2509 684 2571 elalibi
704 2509 825 2590 passim.
1037 2529 1070 2572 se
1090 2511 1240 2574 veteribus
1263 2511 1350 2574 tidem
1369 2507 1570 2592 implicitam,
1594 2521 1634 2572 et·

440 2590 696 2656 anabathmon
712 2593 846 2657 doctrina
866 2595 923 2656 hac
943 2614 997 2656 su·
1038 2593 1096 2656 iam
1114 2603 1250 2678 respectu
1265 2595 1453 2673 iudaeorum,
1469 2595 1583 2676 quibus
1596 2613 1636 2656 sa·

398 2693 495 2756 perre
511 2694 569 2742 non
586 2687 631 2738 est
646 2677 874 2757 ambigendum3
893 2699 997 2742 ourrres
1040 2677 1076 2739 lis
1095 2697 1148 2759 per
1169 2697 1201 2740 se
1220 2687 1285 2742 erat
1303 2679 1425 2742 credere
1453 2679 1593 2759 explicite
1608 2679 1634 2738 iu

395 2759 544 2842 siquidem
560 2762 866 2845 unanimessunldl).
879 2761 910 2826 S.
929 2782 996 2826 vero
1039 2759 1131 2824 Deum
1146 2763 1322 2826 salvatorem
1341 2773 1370 2826 et
1383 2772 1633 2826 remuneratorem

396 2846 580 2923 Augustinus
598 2845 765 2925 dogmatice
784 2868 850 2910 eam
870 2847 999 2913 adstruit
1038 2865 1072 2907 ac
1099 2846 1324 2910 iustificatorem
1352 2847 1522 2929 permedia
1543 2867 1562 2910 a
1588 2864 1636 2907 suu

394 2929 537 2991 adversus
553 2925 726 3008 Pelagianos
738 2931 769 2992 in
783 2932 917 2996 libam
925 2950 998 3012 pec·
1039 2930 1223 3011 prouidentia
1237 2929 1398 3012 disposita,
1419 2929 1450 2992 in
1470 2951 1533 3014 qua
1551 2950 1635 3010 gene·

394 3023 461 3075 coln
476 3014 632 3096 originali,
649 3033 719 3096 cap.
740 3016 794 3088 26,
815 3024 845 3079 et
863 3035 952 3096 saepe
967 3035 998 3078 a·
1039 3015 1160 3077 ralilate
1194 3016 1360 3098 redemptio
1402 3033 1456 3097 per
1491 3014 1634 3078 Christum
1679 3041 1680 3046 κ

398 3096 451 3157 libi
463 3096 524 3177 (3).
541 3095 628 3159 Ratio
643 3117 713 3160 uero
726 3109 901 3180 apertaest3
919 3100 998 3162 Deus
1038 3100 1219 3162 continetur.
1251 3099 1315 3162 Dixi
1342 3119 1395 3181 per
1413 3118 1465 3176 se,
1485 3100 1636 3180 praescin-

395 3179 489 3257 enim,
509 3181 664 3262 supposito
683 3191 817 3263 peccato,
834 3184 939 3245 statuit
952 3203 1000 3246 re·
1038 3182 1134 3244 dendo
1167 3203 1185 3246 a
1202 3193 1381 3266 praecepto,
1403 3181 1483 3266 quod
1502 3183 1579 3264 ipsis
1593 3183 1638 3244 da·

283 3290 286 3296 ·
394 3263 510 3324 dimere
529 3263 667 3326 homines
686 3285 740 3348 per
765 3266 939 3344 Christum,
970 3275 1000 3328 et
1040 3275 1102 3328 lum
1122 3265 1254 3346 luisset,
1290 3287 1350 3330 non
1379 3277 1478 3330 autem
1498 3275 1636 3349 tanquam

394 3348 462 3409 iden
480 3347 670 3410 inhonorem
686 3350 752 3411 eius
768 3351 918 3412 nemiuem
935 3351 997 3412 sal·
1040 3351 1184 3429 medium,
1199 3355 1264 3416 sine
1280 3371 1340 3434 quo
1356 3350 1485 3414 obtineri
1501 3370 1563 3412 non
1578 3369 1638 3432 pos·

394 3430 456 3493 vari
470 3431 566 3505 voluit
583 3432 642 3494 nisi
660 3452 714 3515 per
734 3433 822 3497 fidem
841 3435 999 3517 ipsiusmet
1038 3444 1084 3502 set
1103 3436 1184 3498 salus
1207 3446 1344 3518 respectu
1375 3454 1499 3514 eorum,
1526 3436 1579 3518 qui
1597 3436 1637 3496 la·
1678 3513 1679 3516 Ἴ

393 3515 516 3579 Christi.
1039 3517 1196 3582 borassenl
1206 3519 1373 3598 ignorantia
1385 3519 1553 3582 invincibili
1566 3519 1638 3581 eius·
1678 3517 1679 3572 l

388 3623 391 3626 ⁴
419 3600 510 3664 -302
542 3599 654 3664 Verum
676 3601 724 3665 bic
748 3603 854 3666 sedulo
887 3604 997 3666 distin·
1038 3601 1119 3664 modi
1139 3603 1209 3665 fidei
1232 3604 1400 3686 explicitae.
1418 3603 1479 3665 llac
1499 3604 1536 3666 de
1555 3622 1638 3665 causa

391 3685 510 3761 goenda
528 3695 598 3748 sunt
616 3695 698 3749 certa
724 3687 761 3750 ab
787 3689 934 3766 incertis,
967 3689 997 3752 id
1038 3688 1275 3768 propositionem
1301 3701 1433 3752 nostram
1467 3685 1638 3749 enunciavi-

391 3776 448 3846 est‚
468 3769 507 3832 ab
528 3769 579 3849 iis,
599 3771 728 3854 quaein
760 3773 995 3836 controversiam
1038 3789 1106 3832 mus
1123 3774 1288 3850 generatim
1311 3771 1348 3836 dc
1374 3771 1553 3836 necessitate
1574 3768 1637 3833 bdei

426 3950 464 4018 (l)
488 3951 529 4004 cl.
548 3955 666 4017 suarez,
690 3952 787 4024 disput.
807 3959 856 4018 th,
874 3963 939 4009 sect.
955 3961 994 4022 5,
1038 3970 1089 4006 non
1108 3971 1151 4007 eon
1167 3955 1250 4007 salros
1268 3953 1330 4008 iecit
1342 3955 1390 4008 nisi
1404 3955 1467 4006 fides
1485 3951 1638 4013 mediatori«,
1677 3971 1678 4016 p

392 4032 421 4067 n.
440 4023 482 4068 lt.
1038 4025 1082 4089 qui
1102 4023 1128 4074 iu
1154 4026 1329 4076 remissionem
1348 4035 1510 4091 peccatorum
1536 4021 1638 4088 setigeri·

426 4083 645 4151 (ranunculus,
668 4085 856 4154 flierouymns,
875 4088 925 4141 bro
943 4085 995 4154 tt„
1039 4106 1097 4140 nem
1116 4090 1194 4142 ludit.
1217 4093 1333 4160 ipsorum
1350 4094 1420 4143 enim
1439 4107 1488 4142 vox
1505 4099 1558 4141 eal:
1583 4095 1639 4138 thr-

391 4148 531 4229 Fulgenl„
550 4152 698 4206 bernardus
720 4156 789 4223 apud
811 4155 928 4222 Suam,
947 4159 997 4210 loe.
1037 4155 1104 4219 didi,
1123 4168 1229 4228 propter
1251 4159 1321 4228 quod
1351 4159 1454 4211 locutos
1470 4173 1539 4210 stiur.
1571 4155 1638 4209 Unde

389 4227 438 4272 ent.
1037 4225 1073 4278 nit
1090 4234 1117 4278 et
1130 4227 1267 4294 apostatae
1278 4227 1392 4280 Paulum
1410 4226 1539 4280 itatenu-
1556 4235 1637 4277 antam

425 4289 465 4356 (5)
484 4286 512 4338 lu
526 4286 544 4337 1.
562 4290 572 4336 l
601 4296 687 4339 contr.
703 4286 766 4338 dum
790 4289 865 4356 epist.
886 4291 996 4358 Pel-g„
1038 4295 1149 4345 eundum
1167 4295 1288 4364 spiritum
1308 4293 1389 4359 tidei,
1414 4293 1561 4346 secundom·
1575 4289 1638 4358 quod

388 4369 417 4404 c.
437 4364 481 4417 tl,
500 4362 526 4406 ct
544 4353 591 4408 lib.
605 4358 631 4417 3,
645 4371 670 4404 c.
683 4359 709 4407 t.
730 4355 811 4408 Lubet
824 4357 866 4408 hic
884 4358 995 4411 nerbas.
1038 4361 1162 4428 scriplum
1181 4371 1235 4414 est:
1260 4361 1375 4426 Credidi,
1392 4372 1498 4432 propler
1515 4357 1581 4428 quod
1605 4359 1640 4408 lu-

391 4421 509 4473 lloctoris
525 4425 619 4474 alterae
635 4437 666 4473 err
679 4423 725 4474 lib.
745 4428 772 4486 l,
789 4440 847 4492 cap.
867 4429 896 4476 nl
910 4435 997 4480 contr.
1038 4437 1114 4480 cutus
1125 4445 1181 4481 sum
1191 4439 1238 4495 get
1250 4445 1296 4480 rior
1307 4429 1448 4494 credimur,
1458 4439 1563 4500 propter
1573 4425 1638 4493 quod

386 4493 712 4554 omnimodamque„
748 4507 797 4544 nac
814 4493 996 4561 planedecrc·
1038 4497 1364 4566 elloquimur.Qnidert=
1384 4496 1635 4563 Eundemnpiritnm,
1676 4491 1677 4546 l

388 4559 458 4636 turia
468 4572 547 4637 suin:
573 4508 777 4637 ·Qu·uuddu
790 4559 921 4641 (,3¹¹⁴l⁰5¹)2
935 4563 997 4616 iuis·
1040 4566 1104 4616 nisi:
1129 4565 1212 4631 Quem
1231 4565 1292 4616 iusti
1310 4583 1414 4636 qunque
1431 4568 1470 4620 tta
1488 4563 1640 4625 hahuerunt,

381 4642 417 4676 ne
435 4636 537 4677 rnauus
554 4637 693 4695 aritrqoos,
717 4628 868 4696 praedices,
897 4640 995 4695 tostos,
1033 4633 1079 4701 qui
1105 4633 1151 4684 ista
1173 4631 1328 4686 decoranti·
