3700 5659
411 531 470 594 tto
928 544 965 586 nr.
982 542 1050 588 riou

368 646 406 706 dn
425 648 478 712 cst,
498 638 548 698 sed
562 635 657 714 pictus
676 640 703 694 et
720 633 968 713 prudentic,aine
1011 653 1047 714 pe
1065 634 1249 700 activum·ac
1277 641 1446 723 passivum,
1468 645 1539 708 binc
1558 649 1609 726 fit,

366 745 425 808 prm
443 723 544 784 trullae
561 737 649 780 cures
671 727 795 798 possunt
813 726 968 780 111111111-
1010 720 1172 798 utpariter
1185 721 1297 802 duplici
1317 727 1405 788 modo
1434 730 1530 810 possit
1549 751 1612 794 esse

365 828 438 873 noos
454 824 542 875 aanor
558 805 806 881 ootorremasque
822 803 969 866 discerne·
1009 802 1184 865 scandaloso
1213 809 1389 888 propositio.
1416 812 1468 874 Est
1486 816 1612 877 scanda-

366 891 477 972 ηρ),
1009 887 1074 947 losa
1092 888 1187 950 active
1215 907 1269 952 seu
1292 911 1346 973 per
1364 913 1408 971 se,
1429 898 1550 976 quando
1582 919 1614 960 ex

410 977 483 1038 513.
507 972 559 1034 His
576 970 774 1032 adnectuntur
792 968 971 1052 propositio-
1009 989 1065 1031 sua
1081 979 1188 1033 natura
1206 982 1276 1054 apta
1294 985 1339 1037 est
1356 977 1393 1038 ad
1411 982 1612 1055 generandam

366 1080 437 1132 nes:
459 1057 631 1130 temerario,
654 1055 849 1130 scandaloso,
874 1055 969 1116 111111-
1010 1054 1195 1134 spiritualem
1212 1058 1330 1120 ruinam
1349 1063 1508 1142 proximo:
1530 1084 1614 1126 scan-

367 1146 478 1208 mntt'cc
497 1150 523 1204 et
542 1141 694 1202 seditioso.
713 1138 753 1198 De
772 1137 898 1216 singulis
915 1137 971 1200 ali·
1010 1138 1113 1200 delusa
1132 1139 1248 1220 passive
1266 1153 1405 1205 censetur
1422 1165 1477 1224 ea,
1499 1167 1537 1210 ex
1558 1169 1614 1229 qua

368 1228 502 1311 quidest
520 1224 690 1286 dicendum.
858 1242 863 1252 ·
1011 1222 1164 1303 proximus
1182 1241 1236 1304 per
1250 1227 1388 1290 accidens
1406 1228 1444 1290 ob
1462 1233 1613 1314 propriam

412 1311 486 1374 511.
504 1307 675 1374 Temeraria
686 1305 850 1386 propositio
864 1323 901 1366 ea
911 1316 969 1380 est,
1011 1306 1201 1384 fragilitatem
1227 1310 1320 1372 sumit
1338 1313 1532 1378 occasionem
1554 1316 1615 1396 spi-

368 1391 611 1477 quaecommuni
627 1409 668 1450 ss.
687 1400 804 1470 patrum
818 1388 972 1452 doctrinae
1012 1389 1130 1451 ritualis
1147 1391 1262 1454 ruinae.
1285 1393 1407 1476 Proprie
1428 1405 1518 1477 nota,
1542 1419 1617 1480 quae

368 1481 617 1552 adversatur,aut
630 1491 708 1553 quae
722 1473 871 1534 constanti
886 1473 972 1534 theo·
1012 1473 1103 1536 alicui
1128 1477 1325 1556 propositioni
1357 1487 1501 1560 tanquam
1528 1501 1617 1544 scan-

368 1565 507 1641 logorum
523 1558 688 1622 sententiae
707 1556 884 1619 contradicit
899 1556 971 1618 abs·
1013 1556 1133 1618 dolosae
1151 1557 1292 1638 inuritur,
1313 1579 1372 1622 non
1391 1564 1470 1626 cadit
1489 1565 1551 1628 nisi
1572 1586 1618 1628 su·

369 1643 528 1727 quegraui
558 1641 683 1703 rationis
712 1641 757 1702 vel
786 1639 972 1702 auctoritatis
1012 1659 1067 1721 per
1084 1640 1232 1721 activam,
1265 1663 1345 1724 quae
1373 1665 1481 1728 nempe
1499 1651 1618 1711 ratione

371 1729 566 1792 fundamento
578 1726 638 1804 (2),
659 1725 701 1786 Ex
716 1743 776 1805 quo
790 1731 882 1805 patet,
894 1741 973 1786 nun·
1012 1724 1060 1786 sui
1078 1725 1193 1788 inducit
1209 1727 1327 1790 ruinam
1341 1729 1544 1812 spiritualem,
1562 1753 1618 1794 non

369 1832 460 1894 quam
478 1810 652 1875 temerarias
667 1808 886 1889 propositiones
905 1827 973 1888 pos·
1012 1817 1112 1870 autem
1133 1827 1224 1891 super
1240 1813 1400 1892 passivam,
1423 1834 1502 1896 quae
1519 1825 1617 1878 tamen

369 1916 402 1959 se
415 1915 505 1962 sanes
520 1894 656 1975 eradere,
675 1893 728 1954 sed
745 1892 868 1953 omnino
881 1892 970 1953 uitio·
1012 1892 1091 1954 iusta
1112 1893 1328 1958 interveniente
1347 1915 1438 1960 causa
1461 1900 1618 1980 prohiberi

368 2000 418 2046 sas
437 1999 515 2042 esse.
532 1979 646 2058 Duplex
668 1977 844 2052 agraribus
864 1985 971 2038 aueto-
1012 1983 1109 2057 potest
1138 1997 1172 2038 ac
1190 1979 1339 2041 interdici.
1364 1979 1474 2043 Sedulo
1494 1983 1619 2065 insuper

369 2066 455 2128 ribus
473 2062 667 2140 distinguitur
684 2061 857 2137 temeritas,
877 2061 972 2122 altera
1012 2060 1061 2122 hic
1087 2061 1250 2123 notandum
1282 2071 1343 2142 est,
1381 2065 1617 2146 propositionem

368 2149 507 2228 positiva,
526 2146 672 2223 negativa,
692 2163 747 2207 eeu
765 2144 906 2225 privative
923 2146 971 2205 al·
1013 2144 1145 2226 aliquam
1157 2145 1306 2208 interdum
1323 2148 1398 2209 inse
1413 2167 1503 2230 posse
1519 2167 1617 2212 veram

369 2243 445 2294 tera.
463 2231 593 2292 Positiua
613 2238 679 2305 est,
701 2247 779 2308 quae
796 2236 900 2289 contra
920 2246 972 2289 re·
1013 2243 1091 2305 esse,
1109 2229 1307 2292 nibilominus
1323 2239 1467 2312 tanquam
1487 2234 1617 2296 scanda-

370 2324 486 2396 ceptam
506 2313 672 2376 doctrinam
685 2319 802 2392 patrum
818 2320 870 2373 aut
889 2312 973 2372 theo·
1013 2312 1107 2373 losam
1127 2313 1263 2375 damnari
1280 2315 1398 2378 ratione
1417 2316 1498 2377 modi
1513 2365 1523 2394 ,
1538 2345 1544 2354 ·
1560 2335 1617 2400 quo

371 2399 508 2474 logorum
528 2404 657 2478 pugnat3
677 2395 812 2470 negativa
829 2413 883 2457 seu
908 2395 972 2476 pri·
1013 2396 1147 2474 effertur,
1168 2405 1272 2478 utpote
1296 2398 1348 2479 qui
1380 2399 1419 2461 sit
1438 2399 1569 2462 vitiosus
1588 2419 1619 2462 ac

370 2482 467 2545 vatim
485 2481 613 2542 babetur
623 2479 783 2540 temeraria
794 2479 970 2559 propositio,
1013 2479 1133 2560 pariens
1151 2481 1325 2544 scandalum
1359 2482 1391 2544 in
1424 2483 1618 2546 audientibus

371 2585 450 2645 quae
468 2566 533 2628 solo
551 2563 671 2645 proprio
693 2561 806 2624 iudicio
824 2562 891 2624 sine
905 2563 972 2624 sul·
1013 2570 1065 2624 aut
1082 2564 1260 2642 legentibus.
1286 2564 1377 2628 Cuius
1405 2567 1450 2628 rei
1479 2568 1619 2630 luculen-

317 2656 320 2662 '
371 2649 484 2718 ficienti
499 2649 687 2724 auctoritate,
704 2656 756 2707 aut
768 2645 895 2708 rationis
910 2666 974 2708 mo·
1014 2645 1162 2709 tissimum
1184 2649 1307 2730 praebet
1322 2651 1490 2731 exemplum
1510 2670 1537 2713 c.
1554 2653 1618 2713 Au-

371 2743 473 2796 mento
495 2733 658 2810 excogitata
675 2738 721 2792 est
735 2730 766 2790 in
780 2749 813 2792 re
828 2731 976 2808 theologi·
1013 2731 1151 2806 gustinus
1178 2731 1209 2792 in
1235 2733 1289 2794 lib.
1313 2736 1354 2796 De
1380 2736 1457 2796 dono
1480 2751 1617 2814 perseve-

371 2838 407 2881 ca
438 2837 473 2882 ac
502 2814 723 2898 supernaturali
738 2815 800 2894 (3).
836 2814 975 2878 Provenit
1014 2816 1151 2894 contine,
1182 2815 1235 2877 ubi
1265 2816 1530 2880 Adrumetinorum
1551 2838 1618 2880 mo-

371 2911 472 2966 autem
491 2900 640 2964 eiusmodi
651 2899 804 2961 temeritas
818 2917 853 2960 ex
870 2901 975 2961 incon·
1015 2899 1179 2960 nacbcrurn
1198 2899 1277 2961 circa
1295 2901 1424 2962 diuinam
1444 2902 1618 2981 praescien-

371 2989 449 3050 sulto
481 2986 621 3050 novitatis
651 2984 792 3064 pruritu,
822 2992 912 3064 atque
936 3003 971 3046 ex
1015 2982 1086 3042 tiam
1105 2983 1160 3044 bac
1179 2984 1269 3044 allata
1284 2985 1508 3065 propositione:
1537 2987 1579 3048 Et
1595 2987 1620 3047 al

372 3072 503 3151 quodam
524 3069 629 3130 iudicii
660 3067 774 3148 proprii
801 3067 972 3130 inordinato
1015 3067 1067 3146 pul
1083 3068 1222 3142 obeditis,
1243 3068 1270 3130 si
1294 3069 1437 3148 praescio·
1457 3070 1526 3131 estis
1543 3071 1618 3131 reii-

372 3173 486 3231 amore,
513 3172 572 3232 quo
596 3151 664 3231 quis
690 3170 724 3213 ex
742 3151 836 3213 animi
853 3152 973 3214 levitate
1014 3152 1123 3226 ciendi,
1143 3151 1258 3214 obedire
1277 3153 1435 3228 1111111111,
1450 3151 1535 3218 illico
1550 3153 1619 3214 sub-

371 3257 438 3299 sese
454 3236 561 3300 elatius
589 3235 689 3311 gerit,
712 3235 832 3296 inanem
850 3246 973 3315 captans
1015 3233 1075 3296 dit:
1097 3235 1158 3298 Hoc
1179 3237 1369 3298 omonimum
1387 3245 1448 3299 est:
1467 3238 1510 3298 ito
1527 3253 1615 3313 sane,

373 3321 548 3400 gloriolam3
570 3337 604 3380 ac
625 3337 715 3398 saepe
732 3319 764 3378 fit
781 3318 848 3379 eins
865 3326 972 3380 aucto·
1014 3321 1065 3382 scd
1096 3319 1361 3398 improbissimum,
1390 3321 1617 3400 importunissi-

373 3406 457 3468 ribus
474 3403 590 3486 primus
615 3401 652 3463 ad
671 3402 788 3463 ruinam
808 3401 929 3478 padus.
1014 3420 1108 3480 onum,
1121 3403 1474 3483 inconpreenttssimom;
1487 3422 1550 3466 oon
1561 3405 1619 3485 sol·

426 3490 498 3551 515.
532 3485 712 3559 &credulem
741 3485 905 3567 propositio
939 3503 973 3547 ex
1014 3486 1617 3565 1111111111,111111111111111111111-

373 3572 527 3636 eommuni
547 3572 752 3650 theologorum
772 3569 919 3634 sententia
938 3589 973 3632 ea
1016 3570 1117 3635 tudini
1133 3570 1281 3634 bumance
1298 3571 1490 3652 infirmitatis
1503 3572 1618 3651 apposi-

371 3658 570 3739 perhibetur,
595 3675 680 3736 ,quae
711 3655 762 3716 dat
783 3655 972 3716 occasionem
1015 3666 1044 3724 tc
1056 3654 1117 3734 (1).

371 3743 478 3804 ruinae
507 3739 694 3822 spiritualis,
729 3739 902 3800 inclinando
935 3739 972 3800 ad
1058 3738 1131 3799 516.
1153 3737 1346 3802 schismatico
1366 3737 1532 3820 propositio
1554 3739 1615 3800 lor-

372 3834 505 3906 peccata,
536 3832 588 3886 aut
606 3823 765 3885 avertendo
788 3841 805 3885 a
829 3822 971 3884 virtutum
1015 3821 1134 3884 maliter
1151 3833 1287 3902 sumpta,
1321 3841 1375 3886 seu
1405 3831 1554 3902 quatenus
1578 3821 1614 3883 ab

373 3909 525 3970 exercitio.
559 3907 631 3971 Cum
661 3907 769 3988 duplex
801 3915 975 3970 secernatur
1015 3905 1190 3983 haeretica,
1221 3925 1289 3968 cum
1326 3925 1386 3985 que
1416 3905 1615 3968 communiter

372 3993 559 4068 scandalum,
580 4010 676 4070 aquo
694 3991 858 4071 propositio
882 4009 973 4052 scan—
1014 3989 1155 4065 coniungi
1170 3989 1258 4067 solet,
1278 3989 1482 4068 distinguitur,
1500 3987 1614 4051 definiri

372 4073 477 4135 dolosa
491 4093 599 4134 nornen
616 4074 755 4150 sortitur,
777 4073 904 4135 alterum
921 4093 975 4154 per
1014 4083 1112 4154 potest
1131 4091 1178 4148 ea,
1197 4091 1270 4154 prone
1284 4075 1364 4136 uiant
1379 4073 1533 4136 enesionis
1544 4071 1613 4135 uni-

371 4176 417 4234 se,
437 4159 646 4220 alterumuero
657 4175 711 4238 per
725 4157 875 4233 accidens,
890 4175 975 4218 nem·
1017 4159 1087 4220 tatia
1106 4157 1317 4220 ecclesiasticae
1339 4157 1447 4237 aperit,
1467 4155 1539 4218 dum
1557 4153 1614 4218 sci-

406 4341 496 4406 (tlllc
514 4344 559 4392 loc.
579 4342 684 4401 ttuolop.
710 4338 800 4398 11112,
818 4355 876 4406 cap.
897 4343 941 4390 11.
1049 4339 1087 4406 (5)
1110 4339 1151 4389 Cf.
1170 4341 1275 4401 Suaren,
1289 4337 1353 4404 disp.
1374 4341 1405 4390 19
1430 4339 1612 4400 1111111111.

406 4413 446 4477 (2)
467 4412 503 4460 tte
520 4426 542 4459 s.
567 4408 712 4458 Antorriuus
733 4415 800 4473 part.
823 4411 838 4457 2
861 4407 976 4457 Summae
1016 4409 1040 4470 2,
1059 4410 1140 4468 nid,
1159 4421 1269 4458 necnon
1284 4406 1317 4456 de
1334 4406 1406 4472 nugo
1430 4406 1465 4458 De
1476 4409 1532 4467 nde,
1549 4405 1612 4470 disp.

372 4479 446 4528 tbrot.
466 4478 504 4528 tit.
524 4481 568 4536 19,
584 4491 643 4541 cop.
655 4478 682 4524 8.
705 4472 783 4525 Card.
806 4472 843 4523 De
855 4473 973 4537 Laurea,
1016 4477 1059 4532 20,
1073 4482 1136 4524 sect.
1156 4478 1182 4536 ⁵,
1200 4483 1228 4526 et
1246 4475 1457 4526 Panormitanum
1474 4474 1502 4526 in
1522 4474 1627 4526 strum.

373 4543 441 4611 disp,
464 4549 504 4606 16,
525 4544 559 4594 be
576 4547 686 4593 doctrino
703 4546 731 4592 de
743 4541 839 4591 boerrot'
854 4547 975 4603 scopato,
1016 4542 1058 4591 nio
1076 4542 1125 4592 loo.
1144 4541 1190 4591 cit.

373 4620 421 4662 ert.
439 4617 466 4672 2,
485 4627 513 4663 n.
527 4616 569 4670 15,
586 4615 625 4660 ro.
639 4607 716 4660 Cerd.
730 4608 761 4658 de
775 4608 856 4674 Lugo,
868 4611 975 4670 suarez,
1052 4609 1090 4678 (1)
1108 4607 1171 4677 Cup.
1185 4611 1227 4672 22,
1247 4623 1272 4659 n.
1288 4611 1331 4661 61.

373 4678 482 4746 Ripalda
497 4679 564 4746 apud
579 4679 754 4744 blontaguum,
771 4676 787 4745 S
800 4683 826 4728 6.
