3700 5659
420 458 481 517 111
939 469 977 514 ac
997 469 1062 512 riou

379 567 475 628 steudi
491 564 641 627 Ecclesiae
658 563 745 625 aliter
757 561 886 624 docenti.
903 559 974 622 Nam
1018 559 1082 640 ipse
1101 559 1202 635 sentit,
1222 559 1351 622 docenti.
1372 561 1452 623 ldem
1473 563 1507 624 de
1520 583 1550 626 eo
1562 567 1599 630 dic

379 650 522 729 quamdiu
542 650 608 729 quis
625 657 742 728 paratus
761 666 796 708 ae
813 646 977 725 dispositus
1019 645 1070 723 qui
1084 646 1258 724 profiteatur
1271 665 1304 708 se
1320 648 1397 707 nolle
1412 651 1544 709 assentiri
1560 651 1601 712 Ec-

379 743 426 794 est
443 734 479 794 ad
502 753 534 795 se
553 732 772 794 subiiciendum
804 729 976 792 auctoritati
1019 728 1128 788 clasiae
1144 728 1280 805 docenti,
1304 730 1362 790 nisi
1384 732 1533 792 convictus
1550 734 1601 795 luc

379 817 543 892 Ecclesiae,
560 816 784 896 quamviserret
797 814 827 874 in
842 813 910 874 fidei
928 832 978 874 ne·
1019 812 1058 872 rit
1075 812 1111 872 de
1134 814 1199 874 eius
1218 813 1382 890 doctrinae,
1404 834 1495 894 quam
1511 835 1602 896 propo·

378 902 474 978 gotio,
496 901 663 961 haereticus
690 918 744 959 nec
762 908 824 972 est,
847 916 901 957 nec
919 896 977 956 dici
1020 896 1073 965 nit,
1097 897 1231 956 veritate.
1264 897 1335 958 Nam
1360 899 1520 959 credulitas
1546 901 1601 962 iude

377 994 488 1064 potest.
509 983 676 1046 Pertinacia
688 983 790 1062 itaque
812 981 853 1041 ita
869 981 905 1040 de
925 999 975 1040 ra·
1019 987 1103 1058 parta
1117 999 1175 1040 non
1191 989 1270 1042 esset
1286 981 1394 1058 divina,
1410 982 1464 1043 sed
1479 983 1602 1060 humana,

377 1069 461 1128 tione
478 1069 612 1128 haeresis
638 1067 772 1128 formalis
800 1073 856 1138 est,
878 1073 921 1138 ut,
943 1083 978 1124 ea
1020 1072 1121 1143 utpote
1143 1082 1201 1124 non
1220 1065 1397 1143 proveniens
1422 1066 1462 1126 ab
1488 1067 1603 1127 Ecclesia

374 1152 547 1226 deficiente,
568 1149 701 1212 haeresis
733 1169 793 1210 nou
819 1148 975 1209 habeatur.
1019 1156 1052 1206 ut
1068 1148 1170 1222 regula
1188 1149 1255 1208 fidei
1276 1149 1410 1226 proxima
1423 1149 1511 1210 nobis
1526 1169 1541 1210 a
1556 1151 1602 1210 ilco

372 1233 464 1296 [Ratio
482 1255 551 1296 vero
567 1245 628 1310 est,
645 1234 717 1313 quia
732 1231 874 1312 quamdiu
891 1233 976 1311 quis·
1019 1231 1190 1304 constituta,
1215 1231 1268 1292 sed
1287 1233 1324 1292 ab
1347 1233 1480 1293 humana
1505 1241 1602 1294 tantum

373 1320 471 1400 piam,
493 1321 563 1379 licet
581 1336 696 1392 errans,
721 1336 780 1378 non
800 1315 912 1377 recedit
941 1315 977 1376 ab
1019 1315 1156 1382 scientia,
1174 1335 1251 1394 quae
1270 1315 1356 1390 longe
1375 1316 1464 1378 abest
1478 1336 1496 1377 a
1511 1318 1605 1378 consti·

371 1403 497 1464 obiecto
517 1402 636 1462 formali
651 1399 732 1474 fidei,
752 1417 871 1480 semper
887 1397 979 1460 habet
1003 1398 1128 1459 'tuendo
1148 1398 1266 1460 lorniali
1285 1399 1404 1460 obiecto
1434 1417 1489 1462 seu
1510 1402 1604 1462 motivo

372 1487 559 1546 uoluntatem
579 1485 622 1546 illi
635 1484 814 1560 subiectam,
835 1501 889 1544 uec
904 1482 977 1543 tides
1019 1481 1089 1544 fidei
1108 1480 1236 1544 divinae.

372 1570 537 1643 amittitur,
558 1569 616 1629 nisi
632 1567 799 1630 recedendo
819 1586 837 1628 a
855 1566 975 1630 lormali
1062 1566 1135 1626 tta.
1157 1565 1355 1628 d⁰rldiectum
1368 1575 1425 1629 est:
1449 1569 1606 1630 immutarit

374 1653 498 1714 obiecto
518 1652 598 1730 fidei,
616 1644 671 1714 seu
683 1652 721 1713 ab
736 1650 912 1714 auctoritate
925 1650 977 1710 llei
1018 1649 1088 1728 fidei
1103 1651 1264 1714 cotleoticoa
1280 1653 1447 1728 contrariu,
1470 1661 1605 1732 quatenus

376 1756 433 1818 per
451 1736 615 1798 Ecclesiam
635 1736 823 1796 manifestata
842 1734 903 1812 (l).
1019 1751 1119 1809 error,
1141 1734 1255 1812 dequo
1283 1735 1399 1810 agitur,
1422 1736 1533 1798 hebeat
1563 1755 1604 1816 pro

421 1821 495 1882 111.
516 1819 560 1881 dd
577 1821 653 1881 hauc
667 1828 767 1880 autem
783 1817 977 1899 pertinaciam
1020 1817 1137 1878 obiecto
1157 1817 1303 1882 materiali
1329 1819 1531 1880 resistentiam
1563 1837 1605 1880 seu

379 1923 502 1966 necesse
525 1913 570 1965 est
592 1912 624 1964 ut
646 1912 785 1984 exparte
807 1902 977 1963 intellectus
1018 1902 1207 1978 negationem
1241 1901 1369 1962 alicuius
1401 1903 1545 1978 articuli,
1565 1903 1605 1982 qui

379 1989 525 2049 habeatur
538 1985 683 2068 quaedam
699 1986 841 2063 cognitio,
858 2004 912 2046 seu
927 2005 978 2046 uo-
1018 1992 1170 2064 tamquam
1188 1985 1223 2045 de
1242 1985 1299 2046 fide
1319 1985 1407 2047 suerit
1426 1987 1467 2048 ab
1489 1987 1606 2048 Ecclesia

381 2072 446 2133 titia
463 2072 614 2133 sufficiens
633 2079 695 2132 tum
716 2069 904 2132 auctoritatis
924 2088 976 2130 eo·
1017 2067 1157 2130 definitus
1183 2077 1273 2148 atque
1292 2070 1330 2156 ab
1352 2070 1459 2131 eadem
1479 2069 1605 2131 omnibus

380 2155 501 2232 clesiae,
519 2164 580 2216 tum
600 2154 812 2235 propositionis
823 2153 976 2214 doctrinae
1017 2151 1055 2212 ad
1072 2151 1252 2214 credendum
1266 2154 1450 2233 propositus.
1469 2152 1603 2224 Quamdiu

379 2259 433 2300 seu
452 2240 584 2300 veritatis
603 2239 696 2315 illius,
716 2238 794 2298 circa
814 2256 901 2316 quam
917 2237 976 2296 ali·
1017 2235 1097 2296 enim
1117 2235 1218 2315 aliqua
1235 2236 1355 2314 veritas,
1377 2237 1449 2299 licet
1472 2236 1605 2298 indicina

381 2323 450 2402 quis
467 2332 557 2384 errat.
579 2321 610 2382 ln
628 2321 802 2382 alterutrius
818 2321 898 2380 enirn
928 2320 977 2380 de·
1018 2320 1201 2382 revelatione
1217 2328 1367 2397 contenta,
1389 2340 1452 2382 uon
1473 2321 1559 2382 fuerit
1576 2319 1605 2379 ab

381 2407 473 2482 lectu,
495 2407 588 2466 multo
607 2422 676 2466 vero
693 2404 787 2482 magis
810 2403 840 2464 in
862 2403 977 2464 utrius·
1018 2402 1152 2466 Ecclesia
1168 2411 1220 2464 aut
1238 2405 1346 2466 actuali
1365 2405 1538 2480 magisterio
1559 2421 1603 2464 suo

382 2509 443 2569 que
461 2487 640 2564 ignorantia,
657 2507 726 2549 nera
737 2487 900 2568 pertinacia
909 2505 978 2547 con-

381 2573 442 2653 cipi
460 2573 575 2652 nequit.
593 2571 745 2651 Siquidem
764 2572 861 2632 omnis
876 2572 980 2631 volun-

383 2667 427 2717 tas
439 2657 633 2719 sufficientem
647 2655 845 2734 cognitionem
865 2673 979 2735 suppo-

382 2741 428 2800 nit
446 2742 494 2802 sui
508 2740 630 2816 obiecti;
646 2759 713 2800 cum
731 2758 800 2802 nero
817 2739 980 2820 pertinacia

381 2825 504 2906 propria
523 2824 561 2886 sit
579 2823 754 2901 voluntatis,
774 2843 853 2903 quae
877 2822 978 2884 deter-

381 2909 494 2970 miuata
514 2907 552 2969 sit
585 2907 623 2969 ad
654 2907 842 2969 sentiendum
876 2915 980 2968 contra

376 2993 526 3056 ecclesiae
544 2991 766 3067 auctoritatem;
783 2992 913 3070 prolecto
931 3009 981 3070 pa·

382 3084 424 3136 tet
436 3075 473 3145 acl
481 3073 883 3156 pertinaciamcognitionem
895 3092 981 3156 prae·

311 3223 314 3229 .
377 3160 473 3220 datam
492 3157 619 3238 requiri.

423 3242 497 3319 1111.
514 3241 701 3320 Quandoque
723 3240 812 3303 etiam
829 3241 982 3318 continge-

375 3344 414 3385 re
433 3333 542 3406 potest,
566 3334 599 3386 ut
619 3324 689 3404 quis
710 3325 874 3406 pertinacia
892 3325 980 3386 labo-

375 3416 438 3485 1111,
456 3408 573 3472 etiamsi
593 3427 653 3469 non
678 3417 837 3486 cognoscat
873 3408 981 3470 doctri-

1019 2495 1070 2547 'aut
1088 2487 1216 2550 solemni
1232 2487 1341 2549 iudicio
1360 2496 1516 2569 tamquam
1534 2487 1604 2548 ded·

1019 2569 1056 2630 de
1068 2570 1200 2647 definita,
1222 2572 1324 2632 autad
1343 2572 1528 2634 credendum
1546 2581 1612 2651 pro-¹

1019 2655 1128 2733 posita,
1144 2654 1313 2716 haereticus
1328 2673 1387 2716 non
1399 2664 1550 2731 censetur,
1566 2652 1606 2732 qui

1020 2737 1117 2800 eidem
1127 2756 1284 2801 assensum
1299 2757 1359 2800 non
1371 2740 1509 2818 praebet.
1524 2737 1607 2808 Quan-

1020 2821 1180 2902 doquidem
1197 2823 1281 2884 deest
1294 2823 1338 2884 illi
1356 2824 1475 2886 veritati
1490 2820 1605 2884 conditio

1020 2925 1098 2984 quae
1116 2905 1153 2966 ad
1167 2905 1274 2984 dogma
1293 2907 1361 2968 fidei
1373 2905 1604 2970 constituendum

1019 2989 1195 3070 requiritur,
1217 3001 1307 3071 atque
1326 3010 1360 3052 ex
1380 3000 1464 3072 parte
1479 2990 1606 3053 reiicien-

1021 3073 1058 3135 tis
1076 3092 1142 3136 eam
1161 3074 1315 3136 veritatem
1337 3075 1513 3155 pertinacia,
1542 3088 1605 3152 quac

1020 3156 1057 3219 ad
1076 3157 1260 3219 haereticum
1279 3158 1469 3220 efficiendum
1486 3173 1608 3219 necessa·

1020 3241 1065 3302 ria
1084 3249 1129 3303 est
1147 3259 1182 3301 ex
1197 3241 1332 3303 omnium
1361 3243 1519 3304 doctorum
1538 3256 1624 3301 una-0

1021 3323 1095 3386 nimi
1114 3325 1273 3388 sententia.

1061 3409 1135 3470 111.
1156 3407 1266 3470 Verum
1286 3409 1334 3471 hic
1356 3409 1466 3472 iuverit
1483 3403 1607 3472 animad-

377 3511 449 3554 uam
459 3511 513 3554 seu
523 3492 683 3554 articulum
694 3493 826 3574 aliquem
841 3491 980 3554 luisseab
1021 3499 1158 3566 vertere,
1180 3493 1218 3554 ad
1247 3493 1458 3555 declinandum
1488 3487 1606 3555 haeresis

376 3576 515 3638 Ecclesia
527 3577 565 3638 ad
583 3575 764 3640 credendum
780 3576 979 3658 propositum,
1021 3577 1135 3638 crimen
1152 3575 1232 3637 haud
1250 3577 1405 3654 sufficere,
1431 3577 1456 3639 si
1475 3577 1542 3658 quis
1559 3572 1606 3633 Ec·

376 3679 455 3730 cum
465 3678 573 3741 nempe
591 3659 656 3741 ipse
674 3660 775 3722 auimo
793 3661 836 3722 ita
854 3660 981 3740 disposi-
1021 3659 1131 3722 clesiae
1150 3660 1371 3738 auctoritatem,
1388 3679 1517 3742 eamque
1534 3654 1608 3718 inlal-
1667 3685 1668 3688 ¹

379 3753 428 3804 tus
442 3751 499 3821 est,
516 3752 549 3804 ut
571 3745 647 3805 nolit
665 3744 818 3806 Ecclesiae
846 3744 980 3805 auctori·
1020 3741 1135 3806 lihilem
1153 3761 1214 3806 noa
1240 3745 1398 3808 admittat:
1419 3763 1491 3806 nam
1516 3743 1618 3810 haere,

379 3826 434 3888 tati
452 3827 572 3906 cedere,
593 3828 777 3890 contrarium
795 3828 833 3890 ab
849 3846 884 3888 eo
901 3827 982 3908 quod
1022 3826 1090 3905 tici,
1112 3827 1169 3889 etsi
1200 3827 1231 3889 id
1250 3847 1309 3892 uon
1327 3828 1467 3907 credant,
1488 3833 1555 3892 suut
1569 3821 1607 3882 ni·

415 3989 453 4057 (t)
471 3991 511 4042 Ci.
525 3993 629 4054 Suamz,
646 3991 695 4042 loc.
708 3991 765 4054 cit,
783 4000 844 4043 sect.
859 3996 886 4054 ὅ,
905 4009 932 4042 n.
953 3995 979 4054 11,
1020 3989 1047 4042 id
1062 4001 1099 4042 est
1112 4009 1157 4058 per
1175 3992 1323 4055 Ecclesiam,
1335 3993 1364 4044 fit
1381 4001 1420 4053 nt,
1439 3994 1484 4060 qui
1496 3985 1609 4043 Ecclesiae

380 4056 425 4105 ulii
447 4069 567 4108 accurate
583 4059 720 4122 observat,
739 4061 904 4124 pertinaciam
923 4076 982 4126 pro·
1022 4060 1116 4110 resistit
1128 4069 1153 4112 et
1171 4061 1335 4122 contradicit,
1355 4062 1402 4110 hoc
1420 4063 1475 4127 ipso
1487 4059 1606 4110 resistatct

382 4127 438 4189 prio
463 4141 514 4174 nou
532 4124 584 4176 dici
601 4135 719 4193 respectu
736 4125 783 4176 Dei
801 4136 846 4177 aut
867 4127 980 4188 Christi,
1022 4125 1179 4178 contradicat
1197 4127 1435 4194 lleo.Quapropter
1453 4128 1512 4178 licet
1529 4125 1605 4195 hacta·

381 4207 440 4242 cum
464 4192 552 4243 nullus
570 4193 713 4244 haereticus
736 4210 763 4244 sc
787 4192 840 4244 Deo
857 4194 923 4244 reiro
944 4195 981 4244 ari
1023 4193 1066 4246 tici
1084 4193 1186 4256 dicant,
1205 4211 1231 4244 se
1255 4194 1361 4246 credere
1379 4195 1538 4260 Scripturis‚
1558 4200 1609 4254 quia

379 4257 529 4321 contendat,
553 4261 617 4327 quin
636 4261 713 4311 immo
724 4275 750 4310 se
768 4267 822 4310 toto
840 4259 916 4310 corde
927 4211 982 4311 iren
1022 4277 1073 4312 non
1089 4263 1231 4314 seeundum
1248 4261 1376 4314 Ecclesiae
1391 4277 1504 4322 sensum,
1521 4254 1561 4310 aad
1576 4267 1607 4303 111·

379 4327 487 4395 eiusque
515 4326 617 4378 Christo
641 4327 747 4378 credere
770 4327 918 4393 profitetuc3
937 4329 981 4379 scd
1022 4329 1135 4382 cundum
1154 4331 1286 4396 proprium
1314 4328 1439 4380 iudicium
1463 4331 1499 4379 illi
1521 4332 1609 4376 contra·

379 4394 475 4446 dicitur
492 4405 609 4461 respectu
630 4393 776 4456 Ecclcaiac,
794 4411 861 4462 quac
883 4405 919 4446 cst
939 4413 981 4448 rc·
1022 4400 1108 4458 rium,
1133 4398 1189 4450 illas
1206 4399 1377 4464 intelligunt,
1404 4398 1543 4464 pertinaces
1558 4399 1608 4440 vett

384 4465 443 4528 gula
461 4464 546 4529 quood
566 4480 611 4514 uos
641 4464 754 4530 proxima
772 4461 981 4528 credendorum
1022 4473 1118 4515 suntet
1133 4467 1236 4532 proprio
1255 4465 1351 4517 iudicio
1363 4463 1487 4515 darunati.
1501 4463 1540 4514 Sic
1556 4467 1607 4530 atss⁰

399 4531 442 4580 uia
463 4546 522 4581 cum
541 4529 610 4581 licus
632 4547 683 4581 non
702 4527 846 4582 immediate
863 4530 907 4582 scd
927 4548 981 4582 mc·
1023 4532 1048 4582 iu
1068 4532 1201 4584 voluntate
1218 4549 1270 4584 non
1292 4549 1320 4584 se
1344 4530 1471 4582 subdendi
1496 4526 1608 4580 Ecclesiae

379 4547 450 4648 alate
470 4597 542 4649 nobis
555 4606 679 4667 proponat
695 4599 875 4658 rcrclatiouem
899 4615 981 4664 suam,
1022 4599 1086 4652 haec
1103 4603 1244 4668 pertinacia
1260 4601 1370 4652 maxime
1382 4599 1506 4662 coassistit.
