3700 5659
437 466 497 526 t5t
958 477 997 522 uu
1014 478 1082 522 rtur

396 572 649 656 portunohtque
669 571 709 632 ita
741 567 902 632 universim
937 588 994 629 usu
1035 570 1203 644 rata‚item
1222 570 1289 634 Vita
1311 593 1337 635 s.
1367 572 1579 653 Gregoriin
1609 601 1622 644 a

395 666 547 739 receptum
568 666 613 718 est
626 673 717 736 penes
733 653 871 716 nationes
890 671 996 716 omues
1036 653 1122 732 Voigt
1138 655 1234 734 edita,
1254 657 1408 738 Epistulae
1427 659 1540 722 Cobbet
1560 664 1624 726 circa

396 741 575 806 christianas
591 741 651 820 (l).
1037 737 1080 799 ita
1098 750 1300 820 nuncupatam
1319 743 1563 806 reformationem
1578 747 1623 808 hu-

438 827 512 888 61¹1,
533 823 619 896 Quod
636 839 705 884 vero
731 828 845 903 spectat
863 818 900 882 ad
919 821 997 882 alte·
1037 822 1204 901 glicanam,
1225 825 1344 906 aliaque
1363 826 1530 890 eiusmodi.
1562 829 1625 892 llaec

397 928 460 974 ram
491 909 643 970 clausulae
671 916 808 986 partem:
847 906 999 968 Horrest'm
1038 906 1118 968 enim
1138 907 1272 969 omnium
1303 911 1527 973 catholicorum
1545 914 1626 975 maui-

399 993 601 1070 rontioeatea‚
622 999 674 1054 aut
701 991 736 1054 de
762 991 908 1080 religione
932 997 999 1050 tra·
1040 989 1095 1052 bus
1115 1000 1264 1070 teruntur,
1285 993 1357 1073 quin
1376 994 1518 1057 Ecclesia
1537 997 1626 1060 eain-

398 1087 531 1152 cluntre,
557 1076 673 1138 nullum
694 1074 818 1136 dubium
838 1091 904 1135 esse
935 1080 1000 1152 pot·
1039 1073 1157 1156 probet,
1178 1075 1327 1138 imovero
1356 1079 1546 1162 quandoque
1569 1081 1627 1142 haee

399 1171 455 1239 est,
469 1159 579 1222 librum
595 1158 777 1222 censendum
799 1155 997 1238 prohibitum,
1041 1159 1105 1239 ipsa
1124 1157 1237 1222 Romae
1267 1162 1385 1238 vulgata
1407 1170 1500 1241 sunt,
1519 1181 1552 1224 ac
1569 1164 1628 1242 legi-

291 1269 301 1284 ·
399 1247 451 1327 qui
469 1245 514 1306 rel
532 1245 651 1306 unicam
672 1242 820 1304 haeresim
834 1241 997 1318 contineat,
1041 1243 1113 1304 tima
1133 1243 1311 1307 auctoritate
1335 1246 1467 1326 probata
1486 1247 1567 1308 luere
1581 1250 1627 1327 (3).

399 1329 518 1402 etiamsi
536 1348 571 1389 ex
584 1327 718 1409 professo
734 1325 764 1386 in
781 1345 816 1387 eo
829 1325 865 1386 de
880 1323 1000 1386 haeresi
1082 1327 1156 1388 ott.
1173 1327 1212 1390 Et
1224 1328 1299 1390 haec
1316 1329 1353 1392 dc
1372 1330 1466 1392 libris
1485 1331 1630 1393 haeretico

400 1433 459 1474 non
478 1421 594 1492 agatur.
615 1409 769 1490 Siquidem
791 1410 869 1470 inter
883 1416 999 1470 ceteras
1040 1428 1106 1472 rum
1126 1429 1161 1472 ex
1180 1412 1317 1474 clausula
1341 1414 1447 1476 bullae
1476 1417 1587 1478 Coelae
1602 1416 1630 1477 ad

401 1497 621 1559 haereticorum
641 1503 721 1556 artes
742 1503 771 1555 et
795 1494 868 1554 haec
898 1511 1002 1554 recen·
1041 1494 1211 1558 institutum
1239 1505 1373 1558 nostrum
1397 1498 1540 1576 attigisse
1563 1501 1629 1560 suli·

403 1591 498 1657 setur,
515 1579 595 1660 quod
610 1578 667 1659 ipsi
681 1577 889 1639 consueverint
903 1575 1002 1636 obiter
1041 1578 1112 1656 ciat;
1133 1598 1201 1641 nam
1222 1581 1303 1661 quod
1328 1581 1440 1644 attinet
1475 1582 1514 1644 ad
1535 1591 1630 1644 ceteras

402 1666 461 1726 huc
477 1665 548 1726 illuc
566 1681 684 1724 errores
709 1662 844 1740 ingerere
872 1679 906 1722 ac
930 1677 1001 1740 per·
1042 1663 1192 1725 clausulas
1207 1664 1244 1726 de
1263 1665 1472 1728 retinentibus
1487 1665 1564 1747 apud
1579 1685 1631 1727 sesa

403 1749 529 1810 miscere
548 1747 579 1808 in
598 1755 772 1823 argumento
790 1745 925 1825 alioquin
943 1743 1002 1817 bo-
1041 1747 1136 1808 libros
1157 1766 1269 1829 eosque
1295 1749 1496 1812 laudantibus
1525 1758 1572 1812 aut
1588 1750 1628 1810 de-

404 1852 443 1894 no
459 1841 511 1895 aut
529 1830 720 1907 indifferenti,
742 1838 775 1892 ut
805 1829 922 1891 facilius
951 1827 1001 1888 iu·
1041 1831 1243 1909 tendentibus,
1264 1833 1301 1894 de
1316 1835 1458 1896 censuris
1477 1834 1534 1896 soli
1553 1852 1632 1894 rona-

402 1917 500 1979 cautis
518 1916 586 1978 illos
605 1915 760 1976 obiiciant.
783 1911 831 1975 Sic
855 1913 945 1974 etiam
966 1930 1001 1972 e·
1042 1933 1080 1974 no
1101 1915 1234 1995 pontiliei
1263 1918 1438 1995 reservatis,
1461 1917 1581 1999 perinde
1604 1935 1628 1978 ac

402 2001 518 2064 iusdem
537 2000 691 2062 clausulae
708 1997 736 2060 vi
754 1997 896 2080 prohibiti
914 2014 1003 2074 gener
1042 1998 1079 2059 de
1098 2000 1239 2062 facultate
1252 2001 1309 2062 soli
1323 2002 1421 2063 eidem
1441 2020 1561 2064 summo
1574 2019 1631 2082 pon-

402 2086 490 2147 ratim
519 2083 649 2146 habendi
681 2090 751 2146 sunt
782 2081 1001 2144 haereticorum
1041 2083 1115 2144 titici
1134 2092 1305 2148 reservata:
1327 2105 1363 2148 ca
1381 2087 1490 2148 omnia
1522 2084 1629 2148 dimitti·

403 2169 473 2230 libri
488 2169 524 2230 de
539 2168 684 2246 religione
704 2174 876 2242 tractantes,
894 2183 947 2226 seu
967 2164 1004 2224 li·
1043 2185 1111 2228 rnus
1130 2167 1167 2229 ad
1188 2169 1358 2246 theologiae
1384 2169 1514 2232 moralis
1532 2168 1630 2231 institu-

404 2252 451 2316 bri
466 2253 518 2334 qui
534 2270 569 2312 ex
580 2251 716 2314 instituto
730 2251 766 2311 de
784 2249 930 2328 religione
944 2256 1005 2309 tra·
1042 2259 1135 2328 tores,
1155 2270 1283 2333 quorum
1299 2263 1345 2315 est
1361 2273 1397 2316 ea
1413 2255 1576 2317 enucleare
1592 2259 1630 2312 aut

405 2345 497 2412 ctent,
513 2337 576 2397 sive
596 2343 776 2415 exponentes
794 2351 909 2394 sacram
921 2330 1005 2392 Scri·
1043 2334 1081 2396 ad
1099 2354 1164 2411 eos,
1185 2336 1237 2417 qui
1265 2336 1335 2400 data
1352 2357 1448 2419 opera
1467 2340 1528 2401 boc
1544 2338 1577 2400 de
1591 2354 1628 2397 ar-

405 2428 542 2500 pturam,
564 2419 625 2480 sive
657 2417 725 2479 fidei
745 2416 1003 2493 controversiam,
1043 2427 1185 2496 gumento
1208 2421 1395 2504 scripserunt
1413 2423 1481 2504 (4).

406 2505 468 2566 site
479 2501 638 2564 conciones
657 2502 751 2581 aliave
765 2499 925 2578 eiusmodi;
946 2519 1006 2561 nou
1085 2505 1159 2566 ote.
1170 2503 1219 2565 Sic
1235 2504 1365 2568 breviter
1379 2526 1436 2570 nos
1453 2505 1625 2589 expediemus

408 2597 507 2648 antem
527 2588 553 2648 si
578 2585 675 2647 obiter
699 2593 813 2647 tantum
838 2584 953 2665 aliquid
970 2583 1007 2645 de
1045 2587 1146 2667 quoad
1167 2588 1277 2650 librum
1296 2589 1404 2652 iudicis
1422 2593 1512 2656 iussu
1531 2584 1629 2651 concilii

406 2671 552 2750 religione
570 2671 716 2749 attingant
730 2670 791 2750 (i).
811 2667 846 2730 Hi
866 2686 954 2748 porro
972 2668 1008 2729 li·
1045 2672 1200 2734 tridentini
1215 2690 1250 2734 ac
1261 2691 1459 2739 romanorum
1476 2673 1626 2758 pontificum

408 2755 465 2831 bri,
485 2755 541 2817 etsi
559 2753 735 2816 nominatim
760 2753 788 2815 in
808 2753 936 2815 indicem
961 2771 1008 2814 re·
1045 2755 1170 2818 editum.
1192 2756 1298 2818 Decem
1321 2759 1353 2819 iu
1373 2779 1427 2837 eo,
1449 2768 1484 2822 ut
1509 2758 1626 2826 diximus,
1657 2758 1658 2761 ’

406 2840 459 2902 lati
476 2859 534 2902 non
554 2839 684 2917 luerint,
709 2839 765 2900 hoc
787 2837 852 2918 ipso
870 2836 952 2917 quod
969 2836 1007 2898 ab
1045 2839 1283 2920 sapientissimae
1301 2845 1537 2922 praemittuntur
1561 2857 1628 2916 regu·

406 2924 565 2986 haereticis
577 2923 752 3004 prodierint,
763 2921 914 2983 interdicti
924 2928 1006 2982 sunt.
1046 2924 1104 3000 lae,
1122 2944 1200 3004 quae
1215 2925 1359 2988 inservire
1378 2927 1563 2990 debentium
1576 2940 1628 2984 con·

406 3009 544 3070 Attamen
561 3007 743 3087 quandoque
757 3005 947 3087 exceptiones
958 3005 1010 3064 ba·
1046 3009 1211 3085 gregatioui
1241 3009 1279 3070 ab
1302 3009 1402 3073 indice
1436 3017 1626 3092 nuncupatae,

408 3093 518 3153 bantur
536 3092 573 3154 ab
594 3093 650 3152 hac
678 3091 793 3168 regula,
813 3108 880 3152 cum
899 3088 1009 3156 rideli-
1047 3099 1111 3152 tum
1130 3093 1239 3155 ceteris
1265 3094 1317 3174 qui
1338 3114 1389 3158 eas
1408 3114 1529 3158 serrare
1553 3101 1580 3155 et
1593 3107 1628 3150 et·

408 3183 457 3236 cet
473 3176 572 3251 agitur
590 3175 626 3236 de
646 3175 800 3235 nonnullis
815 3172 958 3254 operibus
972 3172 1010 3233 dc
1048 3175 1134 3255 sequi
1149 3177 1272 3240 debent.
1289 3177 1341 3240 ttts
1355 3181 1470 3258 regulis
1490 3175 1628 3241 nonnullae

408 3257 552 3336 religione
572 3258 769 3320 tractantibus
786 3257 875 3318 editis
894 3256 933 3318 ab
953 3256 1009 3316 he·
1048 3259 1267 3323 declarationes
1296 3262 1415 3326 additae
1442 3272 1514 3327 sunt
1541 3281 1558 3324 a
1577 3258 1627 3320 Cle·

408 3341 571 3416 terodox!‚
589 3361 666 3421 quae
686 3340 839 3402 communi
859 3358 1009 3408 consensu
1049 3354 1149 3406 mente
1177 3344 1261 3421 Vlll,
1294 3347 1474 3412 nominatim
1503 3346 1577 3409 eirca
1597 3355 1627 3413 rt,

408 3425 529 3489 innoxia
547 3435 634 3503 suut,
656 3425 838 3506 quandoque
856 3425 946 3486 etiam
965 3423 1011 3485 rei
1049 3446 1127 3507 quae
1145 3446 1199 3510 pro
1229 3429 1348 3492 obiecto
1379 3433 1474 3496 babet
1500 3427 1628 3492 versiones

408 3510 591 3584 christianae
608 3518 638 3572 et
654 3509 820 3572 catholicae
844 3509 955 3585 utilia;
975 3526 1011 3568 e·
1049 3510 1213 3574 bibliorum
1230 3515 1346 3592 vulgari
1377 3516 1502 3594 lingua,
1521 3503 1628 3594 quoatt'

406 3597 524 3676 semplo
544 3597 615 3658 sint:
637 3594 787 3657 Tractatut
810 3593 846 3656 de
865 3593 1011 3671 religione
1048 3598 1165 3675 suerint
1190 3601 1228 3661 ob
1255 3600 1424 3678 Apostolico
1450 3602 1524 3666 Sede
1545 3607 1630 3683 aptit·

407 3678 541 3757 Hugonis
572 3679 685 3756 Grotii,
706 3678 841 3758 system-a
865 3675 1012 3752 theologi·
1050 3681 1136 3743 botos
1154 3691 1206 3744 oot
1224 3684 1321 3745 editoe
1347 3701 1415 3748 com
1443 3680 1628 3748 onoototiom-

408 3782 477 3826 cum
496 3762 660 3842 Leibnitii,
684 3761 815 3824 Historia
844 3759 1011 3823 iunocentii
1053 3766 1107 3828 boa
1124 3767 1287 3845 desumptis
1304 3784 1343 3830 ear
1360 3771 1474 3832 sanctia
1502 3761 1627 3848 putridos,

407 3845 447 3910 ΙΙΙ
459 3848 497 3912 ab
512 3847 623 3910 Hurter
640 3846 740 3910 adhuc
757 3846 925 3910 acatholico
944 3863 1013 3907 exa·
1050 3849 1097 3912 oet
1114 3866 1152 3912 ea
1170 3850 1262 3914 doctis
1278 3853 1487 3934 catholicisque
1494 3849 1627 3915 araur

442 4077 481 4143 (t)
499 4075 571 4127 thure
588 4093 648 4127 sone
661 4079 709 4127 iam
729 4079 857 4129 contraria
875 4086 1011 4132 consuetu·
1050 4081 1208 4150 conscriptos
1219 4084 1301 4149 leget3
1320 4086 1422 4140 interim
1435 4089 1473 4142 illi
1485 4079 1627 4159 gregemllo·

410 4142 445 4194 do
468 4144 577 4194 obtinet.
595 4146 735 4196 hecessitas
752 4161 813 4198 vero
830 4145 862 4198 ad
887 4147 921 4198 ita
933 4164 1013 4214 agen·
1051 4151 1114 4205 otini
1135 4149 1336 4219 depopulentur.

409 4211 471 4262 dum
489 4213 626 4278 polentinos
643 4213 780 4278 scriptores
807 4214 920 4280 impulit.
947 4217 1011 4266 Cum
1097 4220 1463 4286 a)ttas‘uarez‚diss.2o‚n.
1483 4228 1523 4284 tt,
1539 4231 1600 4283 seqq·

409 4281 478 4330 euim
492 4277 551 4330 tidei
565 4295 648 4329 osores
667 4280 754 4346 lingua
773 4281 875 4347 vulgari
887 4297 945 4332 suas
957 4282 1012 4332 etu-
1096 4287 1123 4351 3.)
1140 4287 1290 4340 Cuiusmodi
1306 4299 1367 4340 suut
1383 4292 1504 4356 epistulae
1515 4277 1625 4340 chbetitt

409 4347 572 4400 cubratiouee
600 4347 674 4396 odero
696 4350 887 4409 consueverint,
916 4349 1013 4414 quihus
1050 4352 1165 4419 linguam
1177 4356 1344 4408 verireculam
1358 4360 1505 4421 translatae,
1525 4366 1574 4407 tun
1588 4348 1627 4412 35·

409 4432 538 4466 venenum
564 4415 718 4482 propinant,
743 4430 844 4464 necesse
868 4415 1011 4468 estendam
1050 4429 1128 4472 stema
1147 4421 1320 4490 theologicum
1337 4425 1476 4491 Leibnitii,
1492 4412 1623 4477 curtotcdt

410 4484 502 4550 lingua
521 4499 563 4534 eos
581 4482 710 4543 refellere,
734 4482 847 4548 alioquin
866 4484 961 4536 nralum
975 4484 1013 4535 lo-
1052 4489 1168 4540 bacroitt.

409 4561 448 4602 ret
466 4550 562 4618 absque
592 4549 682 4602 idoneo
703 4552 837 4610 remedio,
856 4565 914 4600 cum
938 4570 1012 4604 nemo
1086 4556 1124 4620 (tel
1149 4557 1218 4608 luter
1234 4574 1299 4625 quos
1310 4576 1411 4626 semper
1429 4559 1518 4628 potiori
1535 4548 1627 4607 loroht·

410 4619 460 4669 iem
479 4619 533 4670 iero
550 4619 605 4685 sit,
633 4619 680 4686 qui
710 4619 786 4669 latine
816 4618 904 4686 lingua
933 4620 1013 4673 libros
1052 4621 1152 4676 bandus
1169 4624 1573 4698 caterilphouausdebigorio.
