3700 5659
671 515 675 524 ³
758 560 853 608 creor
870 561 912 608 tv.
1368 553 1429 618 239

214 655 333 717 virtute
346 650 483 732 alterius,
503 649 547 714 uti
567 658 711 735 operatur
728 662 828 717 creata
869 655 924 731 sit;
946 664 1104 738 propterea
1124 656 1244 722 additur
1264 659 1297 721 2⁰
1310 665 1473 727 Benevoloa

218 739 346 818 caritas,
366 739 406 802 N.
869 749 896 802 ct
907 744 1071 821 proteritur,
1085 743 1156 823 quia
1172 763 1224 825 per
1235 745 1398 810 amicitiam
1413 769 1473 810 non

268 824 343 886 l'lii.
362 821 406 883 Ad
423 821 454 883 3.
475 823 513 885 D.
535 819 588 883 Est
602 828 721 899 natura,
738 821 769 883 id
784 830 829 885 est
869 833 988 886 amatur
1006 836 1128 907 propter
1147 827 1258 890 bonum
1277 832 1418 910 amantis,
1441 834 1473 895 in

218 907 358 971 essentia
387 906 534 987 quaedam
565 905 707 967 diuinitus
738 907 827 983 data,
870 927 931 988 qno
951 910 1088 972 consistit
1106 931 1192 974 antor
1210 915 1473 996 concupiscentiae

223 995 279 1070 C.;
298 1000 345 1054 est
360 1001 467 1052 natura
478 990 598 1072 propria
614 989 723 1052 virtute
739 1010 829 1070 agens
869 991 900 1053 in
916 994 1069 1074 proprium
1086 997 1289 1076 commodum,
1310 1001 1415 1062 saltem
1429 1001 1473 1062 di-

221 1095 288 1158 qua
313 1084 422 1137 natura
440 1083 501 1149 εει,
522 1075 562 1137 N.
583 1073 645 1135 lloc
671 1075 829 1156 posteriori
869 1085 962 1155 recte,
982 1079 1035 1139 sed
1053 1089 1174 1160 propter
1192 1081 1303 1144 bonurn
1321 1085 1425 1161 amati,
1441 1085 1473 1147 in

220 1179 322 1223 sensu
340 1159 365 1220 si
385 1165 486 1238 ageret
509 1167 633 1236 natura,
659 1159 774 1240 utique
791 1159 829 1220 ab
865 1162 931 1240 'quo
954 1163 1091 1225 consistit
1120 1183 1205 1226 arnor
1233 1166 1470 1232 benevolentiae.

220 1245 289 1326 ipsa
309 1252 390 1306 esset
410 1241 589 1323 principium
610 1243 721 1320 meriti,
742 1253 830 1324 prout
871 1246 903 1306 3⁰
920 1243 1036 1307 Dicitur
1054 1257 1187 1326 mactatos,
1205 1251 1277 1330 quia
1292 1252 1408 1315 amicus
1427 1261 1473 1316 cst

221 1327 377 1411 pelagiani
390 1326 577 1405 effutiebant,
593 1345 627 1388 ac
643 1327 768 1407 proinde
783 1346 830 1390 ec·
871 1329 968 1392 amico
990 1330 1122 1410 amious;
1143 1333 1168 1394 si
1186 1335 1255 1414 quis
1274 1336 1354 1398 enim
1378 1337 1472 1400 alium

221 1413 321 1474 clesia
344 1412 452 1474 merito
475 1430 527 1474 eos
546 1410 708 1473 damnavit.
727 1411 780 1474 Ast
799 1412 829 1472 in
871 1423 968 1490 amet,
993 1433 1012 1475 a
1034 1435 1094 1496 quo
1117 1435 1177 1477 non
1206 1418 1378 1482 redametur
1378 1470 1396 1517 2
1417 1422 1474 1484 erit

221 1497 322 1578 priori
338 1515 429 1558 sensu
445 1494 555 1557 donum
573 1495 624 1557 liei
638 1505 769 1557 creatum
786 1504 831 1557 est
871 1499 989 1575 'quidem
1006 1516 1128 1573 amorra,
1148 1520 1207 1562 uon
1225 1511 1324 1565 autem
1345 1507 1470 1568 amicos.

221 1581 350 1661 quidem
364 1580 484 1658 caritas,
501 1579 553 1641 sed
568 1599 627 1660 qua
639 1579 729 1641 homo
745 1599 831 1661 prae·
871 1582 903 1642 d⁰
921 1582 1066 1645 Additur:
1085 1587 1122 1648 lu
1139 1586 1242 1664 aliquo
1260 1589 1380 1651 nonesto
1399 1607 1475 1653 com·

222 1667 309 1727 ditus
328 1684 388 1726 non
413 1663 590 1726 naturaliter
611 1663 664 1726 sed
682 1683 830 1745 superna-
871 1667 1074 1730 medicatione
1096 1670 1263 1749 fundotar;
1282 1691 1404 1735 neccsse
1430 1683 1476 1736 cst

221 1749 367 1812 turaliter
383 1767 418 1810 ac
436 1747 580 1809 divinitus
598 1749 630 1810 srt
648 1747 775 1810 idoneus
794 1748 831 1809 ad
871 1750 965 1829 enim,
983 1760 1016 1814 ut
1030 1751 1119 1814 amici
1134 1755 1312 1817 conveniant
1330 1757 1360 1818 in
1372 1759 1475 1838 aliquo

223 1833 412 1912 diligendum
430 1832 540 1908 Deum,
558 1841 646 1913 prout
661 1833 738 1894 dono
762 1833 831 1894 srdei
873 1834 972 1912 hono,
993 1853 1028 1898 er
1049 1856 1109 1916 quo
1127 1838 1243 1900 amicus
1266 1839 1376 1902 dicitur
1400 1845 1478 1905 ulter

223 1919 259 1980 fir
274 1919 404 1979 idoneus
419 1915 457 1978 ad
468 1917 662 1995 credendum,
677 1917 755 1978 dono
767 1918 832 1997 spei
872 1937 922 1998 epo
939 1919 999 2000 (ἓ).
1019 1920 1117 2000 Atque
1136 1921 1191 1983 hae
1213 1923 1333 2002 quidem
1356 1926 1475 2006 praeci-

224 2001 264 2063 ad
277 2001 472 2083 sperandum,
487 2001 543 2063 etsi
555 2001 633 2063 dona
648 2011 747 2063 creata
758 2003 829 2081 sint,
872 2022 951 2084 puae
960 2003 1111 2066 amicitiae
1119 2006 1306 2068 conditiones
1317 2010 1476 2090 suntqui-

223 2086 394 2149 lalentibus
412 2085 486 2167 ipsis
505 2085 697 2148 adversariis.
874 2088 931 2148 hus
953 2107 971 2149 a
989 2089 1141 2150 nonnullis
1159 2090 1237 2152 aliae
1256 2092 1345 2152 adiici
1364 2095 1473 2173 solent,

874 2172 1001 2252 exempli
1016 2191 1118 2250 causa,
1136 2174 1217 2254 quod
1231 2175 1380 2237 eiusmodi
1390 2197 1477 2239 amor

415 2253 589 2318 ¹³¹¹⁰P⁰S¹Tl⁰
610 2255 659 2299 ¹¹··
702 2295 706 2306 ι
874 2255 982 2318 debeat
999 2275 1065 2318 esse
1083 2258 1273 2337 manifestus,
1287 2279 1340 2322 seu
1353 2263 1477 2342 utrique

224 2337 329 2388 Coritoa
353 2339 388 2386 cri
407 2351 465 2386 acra
488 2342 510 2386 ct
530 2341 633 2420 proprio
656 2339 832 2387 dominiorum
873 2340 1275 2423 cognitusfinqeraequales,
1292 2343 1362 2406 item
1376 2345 1477 2423 singu.

434 2405 486 2454 ⁰⁶⁰
509 2410 627 2454 uolnerata.
873 2424 958 2502 laris
975 2425 1005 2486 id
1023 2433 1080 2503 cst,
1102 2435 1136 2488 ut
1155 2446 1214 2488 nou
1233 2427 1273 2490 sit
1291 2447 1360 2491 curn
1380 2431 1477 2510 pluri-

271 2509 346 2570 l'l'l.
366 2506 411 2570 Ad
433 2507 524 2570 huius
550 2505 764 2588 propositionis
781 2505 831 2568 in·
874 2507 943 2586 ltus,
964 2519 1210 2592 secretorumque
1229 2512 1318 2575 etiam
1339 2533 1479 2576 commu·

226 2592 425 2671 telligentiam
439 2600 469 2654 et
481 2592 518 2654 ad
528 2592 662 2654 eiusdem
677 2591 831 2653 veritatem
874 2592 1025 2656 nicatione
1036 2604 1177 2657 constans
1192 2615 1227 2657 ac
1241 2606 1351 2658 certus.
1366 2597 1475 2661 Verum

226 2677 457 2752 adstruendam,
470 2675 621 2740 amicitiae
630 2675 832 2738 definitionem
875 2677 934 2739 hae
945 2679 1083 2759 aliaeque
1099 2680 1247 2741 eiusmodi
1263 2681 1409 2762 implicite
1421 2684 1480 2744 sal-

228 2762 465 2844 praematurus,
487 2770 520 2822 ut
538 2780 573 2823 ex
592 2760 687 2841 ipsius
701 2759 835 2842 proprie·
876 2769 935 2822 tem
950 2761 981 2822 in
992 2763 1148 2825 recensitis
1159 2765 1399 2826 continenturac
1409 2785 1480 2846 sup-

228 2847 346 2908 tatibus
361 2854 391 2908 et
407 2845 632 2908 conditionibus
644 2845 833 2922 colligamus,
876 2853 1040 2926 ponuntur,
1062 2859 1114 2908 aut
1132 2849 1291 2911 conserunt
1313 2849 1352 2910 ad
1370 2850 1478 2911 amici-

229 2930 263 2992 in
282 2930 408 2992 caritate
426 2949 476 2994 eas
494 2929 637 3012 reperiri,
658 2948 693 2991 ac
711 2927 835 3010 proinde
876 2929 936 2992 tiae
952 2929 1176 3010 perlectionem.

229 3031 308 3076 rere
323 3023 354 3076 et
372 3015 491 3096 proprie
509 3016 662 3076 raritatem
679 3031 745 3075 esse
762 3012 836 3074 anri·
920 3015 992 3076 lte.
1011 3015 1056 3075 Ad
1076 3015 1149 3077 haec
1166 3014 1271 3097 triplex
1286 3015 1480 3096 distinguitur

231 3099 337 3161 citiam
357 3098 489 3161 hominis
508 3117 575 3162 cum
592 3097 664 3159 [leo.
679 3097 732 3159 Est
746 3095 837 3175 igitur
876 3097 1020 3173 amicitia,
1037 3100 1151 3162 scilicet
1169 3102 1262 3179 ortilis,
1282 3101 1312 3162 in
1332 3121 1391 3182 qua
1406 3102 1481 3164 arni-

229 3183 264 3246 in
295 3183 448 3245 communi
479 3182 652 3264 acceptione
680 3180 833 3243 amicitia:
876 3184 1479 3265 cusatiompropterutilitatemamantis

229 3268 326 3332 dmor
352 3267 516 3330 benevolus
534 3278 564 3329 ει
585 3265 744 3346 gratuitus,
765 3285 836 3328 mu·
877 3265 1026 3345 diligitur:
1048 3269 1222 3332 delectabilis
1244 3281 1366 3351 propter
1391 3273 1479 3334 rolu-

230 3362 305 3414 tuus
323 3361 415 3432 atque
432 3351 463 3412 in
481 3352 583 3432 aliqua
602 3351 729 3412 honesta
750 3369 836 3412 com·
878 3360 1001 3432 ptatem,
1022 3372 1099 3434 quae
1116 3373 1150 3415 cx
1169 3374 1205 3416 ea
1224 3355 1405 3436 percipitur;
1425 3356 1481 3418 lto·

230 3436 438 3498 nrunicatione
451 3435 593 3498 lundatus
606 3435 665 3515 (l).
877 3445 961 3498 nesto
978 3436 1009 3497 in
1027 3457 1088 3517 qua
1105 3438 1220 3499 auricus
1239 3457 1293 3517 per
1309 3457 1342 3500 se
1360 3448 1391 3500 et
1407 3459 1480 3522 pro-

277 3522 350 3582 li8.
377 3519 494 3582 Dicitur
521 3521 552 3582 l⁰
574 3529 686 3595 Amor,
711 3517 763 3598 qui
792 3526 837 3581 εει
877 3520 1142 3599 pterhooestatem
1156 3529 1285 3582 amatur.
1300 3521 1480 3602 Haecporro

229 3623 347 3682 genus3
367 3623 422 3666 uec
452 3604 532 3666 enim
561 3603 659 3665 omnis
685 3621 771 3666 amor
792 3612 837 3666 est
877 3603 942 3664 sola
960 3612 1006 3665 est
1022 3605 1153 3684 perlecta
1171 3614 1202 3666 et
1218 3604 1394 3686 simpliciter
1405 3607 1482 3668 ami-

230 3689 378 3769 amicitia,
398 3689 469 3751 licet
487 3687 585 3752 ornnis
602 3687 735 3751 amicitia
752 3706 838 3750 amor
877 3686 958 3761 citia,
981 3689 1053 3769 quia
1075 3689 1150 3750 haec
1168 3689 1234 3750 sola
1254 3687 1409 3768 coniungit
1427 3709 1483 3774 per

519 3839 525 3850 ,
557 3838 563 3850 ,
674 3839 680 3850 ,
810 3842 815 3852 Ι
876 3789 977 3834 reram
996 3772 1265 3855 benevolentiam(
1287 3774 1314 3854 ).

270 3837 310 3904 (l)
323 3836 366 3889 Cl.
385 3837 423 3888 lle
442 3837 539 3890 lirrlrras
556 3853 582 3888 rn
595 3853 638 3906 op.
657 3846 701 3892 ert.
716 3842 752 3891 Dc
762 3843 834 3889 corat.

231 3904 838 3976 cap.tr5,ubierto.'llronra‚ccterisquetheo·
878 3913 921 3954 tor
954 3920 1033 3971 super
1068 3901 1180 3970 aliquam
1211 3901 1480 3956 communicationem.

232 3975 309 4041 logia,
328 3991 394 4041 quae
412 3973 443 4024 ad
462 3975 588 4026 amicitiae
600 3973 729 4026 notionem
748 3974 836 4042 requi·
878 3973 943 4024 Cum
960 3987 1021 4038 ergo
1037 3971 1070 4023 sil
1082 3972 1167 4038 aliqua
1185 3971 1382 4021 communicatio
1399 3970 1482 4022 homi·

233 4051 341 4102 roratur,
360 4042 506 4096 luculenter
517 4053 540 4093 ει
550 4045 604 4093 ιἐεε
621 4044 735 4109 exponit.
878 4043 918 4090 nis
934 4038 965 4090 ad
980 4039 1074 4102 ileum,
1085 4035 1226 4090 secuudum
1239 4038 1307 4106 qrrnd
1326 4039 1481 4091 notrisauarn

268 4111 307 4177 (2)
326 4109 502 4162 Praeclarus.
526 4110 619 4163 Tlrom.
644 4109 678 4173 tt,
702 4115 728 4172 2,
747 4126 774 4178 q.
793 4111 837 4172 25,
879 4106 1062 4159 beatitudiuem
1090 4105 1283 4169 communicat,
1312 4123 1390 4174 super
1412 4107 1480 4157 lianc

235 4186 286 4228 art.
306 4181 334 4239 ι,
348 4177 392 4228 rrlti
409 4179 533 4246 inquirit:
554 4177 638 4229 Utrum
651 4182 741 4229 rosilar
758 4181 789 4228 sil
806 4192 837 4226 a·
878 4176 1134 4228 cornumuicationcrn
1156 4183 1257 4242 oportet
1283 4173 1395 4243 aliquam
1418 4176 1482 4226 ami-

231 4245 348 4296 micitia?
370 4246 465 4314 llesp.:
481 4245 557 4297 ·lt0n
575 4244 685 4314 quilibet
701 4261 772 4296 amor
789 4243 837 4294 ira·
877 4243 964 4295 citiam
982 4241 1095 4295 fundari.
1113 4243 1151 4294 llo
1164 4259 1215 4311 qua
1233 4240 1338 4310 quidem
1364 4259 1481 4297 cornuoru-

232 4309 276 4362 ltet
298 4313 424 4364 rationem
443 4314 590 4379 amicitiae3
617 4311 660 4364 sed
680 4329 766 4375 arnor,
792 4313 837 4379 qui
879 4310 1215 4363 tricatiouediciturl.Cor.
1231 4309 1481 4373 martinianum

232 4391 270 4430 est
289 4395 349 4430 cum
368 4379 563 4445 benevolentia3
581 4379 789 4500 quondoscilicet
802 4380 838 4432 sic
879 4395 1018 4448 perquem
1038 4379 1120 4431 uocati
1134 4380 1194 4430 estis
1215 4379 1403 4429 insacietatem
1423 4375 1483 4427 Filii

231 4463 350 4498 uniamus
363 4449 486 4517 aliquem,
505 4459 534 4501 ut
551 4449 573 4499 ci
604 4465 682 4499 orrum
696 4449 837 4501 velimus...
878 4448 944 4499 eius.
958 4448 1038 4500 Amor
1055 4456 1140 4499 autern
1158 4463 1238 4513 super
1254 4444 1320 4495 hanc
1337 4445 1480 4496 comoruni·

230 4514 281 4564 Sed
301 4531 349 4566 nec
367 4515 544 4568 berrerolentia
562 4515 695 4568 sufficitad
714 4519 837 4569 rationem
878 4516 1004 4567 rationem
1021 4515 1155 4576 laudatus,
1172 4513 1330 4575 calearitas3
1346 4511 1414 4563 uude
1427 4529 1481 4563 rna·

231 4583 382 4648 arrririt'rae;
401 4583 444 4635 aed
459 4586 602 4653 requiritur
613 4583 837 4654 quaedanrmutua
880 4584 1000 4634 nileetum
1018 4592 1066 4645 est,
1081 4581 1149 4649 quod
1169 4577 1381 4640 taritaspmicitia
1399 4596 1481 4648 quae-

230 4652 338 4711 amotio,
356 4652 417 4718 quia
435 4653 533 4704 anricus
557 4661 595 4704 εει
624 4655 706 4704 amico
729 4653 837 4704 amicus.
879 4651 937 4702 darn
955 4659 992 4702 est
1005 4649 1115 4700 hominis
1132 4648 1163 4700 ad
1184 4647 1276 4698 Deum.

231 4713 303 4768 Talis
321 4729 407 4772 autem
426 4729 514 4773 ruutur
541 4719 718 4773 berrerolentia
746 4717 838 4771 lunda·
913 4719 952 4786 (5)
970 4717 1011 4768 Ci.
1030 4720 1136 4780 Saurea,
1153 4715 1220 4783 disp.
1239 4719 1266 4778 5,
1284 4724 1346 4766 εεει,
1365 4719 1392 4778 2,
1411 4721 1481 4768 aad.
