3700 5659
798 525 938 572 narurn.
1393 509 1454 570 lb3

188 293 206 768 l
240 630 285 697 to,
301 620 383 699 qood
399 619 542 696 credebat,
562 625 588 682 et
609 611 847 699 qnodsperobot‚
890 617 1082 682 mandatum:
1097 618 1211 702 Diliges
1227 618 1399 692 hominnm,
1420 629 1492 701 elo,

188 771 190 782 ,
238 705 351 784 odepto
367 703 429 784 (l).
447 702 740 785 Adipisciturautem
756 701 847 764 Deum
888 701 971 782 quod
993 721 1053 766 non
1081 711 1206 785 possunt
1232 702 1291 765 nisi
1318 702 1494 786 imperfecte

187 789 189 874 J
241 797 277 850 ut
289 807 447 850 summum
465 787 496 848 in
519 805 551 849 se
570 786 694 849 bonum.
713 783 795 849 idern
817 785 849 848 in
889 786 937 847 his
956 786 987 848 in
1007 786 1094 850 terris
1111 806 1230 850 servare
1243 788 1304 869 (3).

186 877 189 928 t
242 870 421 934 Enohiridio
448 889 582 934 amorem
610 869 743 933 caritatis
768 869 848 933 reci·
932 871 983 932 38.
1018 868 1124 942 Quoad
1152 872 1279 934 alterum
1312 880 1424 936 textum
1455 891 1493 936 ex

185 937 188 1008 ,⁸
240 963 350 1037 procat
378 973 447 1017 cum
479 973 582 1018 amore
614 955 695 1037 spei,
720 954 846 1017 dicens:
888 951 1062 1016 Errehiridio
1073 956 1300 1038 respondemus,
1314 956 1415 1039 reipsa
1427 967 1490 1021 tum

184 1095 185 1102 ,
240 1042 303 1104 Neo
322 1057 410 1103 omor
426 1039 492 1102 siue
508 1057 558 1119 ape
575 1046 629 1116 est,
655 1056 708 1102 neo
727 1039 793 1102 stne
810 1055 847 1101 o·
887 1055 984 1118 spem,
1000 1047 1063 1101 turn
1078 1038 1232 1104 caritatem
1253 1041 1291 1107 ab
1308 1059 1494 1124 amoreprn-

183 1168 184 1206 ,
237 1141 328 1186 auore
344 1141 409 1204 apes
425 1123 486 1205 (Ξ).
505 1123 538 1185 2⁰
554 1121 735 1204 Exipvarei
757 1131 846 1185 natu·
887 1121 1012 1202 cedere,
1046 1121 1099 1185 sed
1117 1123 1234 1187 diversa
1251 1125 1379 1188 ratione.
1400 1126 1493 1189 Amor

239 1225 277 1268 ra
305 1205 339 1269 id
366 1207 466 1290 ipsum
498 1205 667 1269 coniicitur.
702 1205 776 1268 Nam
809 1206 848 1269 ad
886 1205 952 1286 spei
971 1225 1025 1288 pro
1043 1205 1161 1271 obiecto
1186 1208 1304 1271 formali
1322 1209 1415 1274 ileum
1434 1211 1492 1272 ha·

237 1309 329 1372 spem
347 1299 462 1373 spectat
479 1311 514 1354 ex
544 1289 632 1353 dictis
661 1290 774 1353 bonurn
789 1291 847 1353 ab·
887 1287 939 1352 bet
961 1299 994 1352 nt
1017 1289 1130 1354 bonum
1159 1292 1265 1371 nobis3
1299 1312 1386 1356 arnor
1410 1296 1491 1358 eari-

236 1393 326 1453 sens,
338 1375 479 1454 arduum,
489 1373 687 1457 probabiliter
697 1373 845 1454 loturum,
887 1374 957 1435 tatis
974 1393 1029 1457 pro
1045 1375 1164 1438 obiecto
1182 1376 1300 1439 iormali
1319 1377 1412 1440 ileum
1434 1381 1492 1444 ha-

239 1457 429 1522 desiderare.
449 1458 511 1521 lam
542 1477 612 1521 vero
633 1459 671 1520 ad
692 1459 847 1522 caritatem
889 1457 939 1519 bet
968 1469 1001 1520 ut
1036 1459 1148 1522 bonum
1168 1459 1199 1522 in
1228 1479 1273 1523 se.
1301 1459 1490 1544 Reciprocari

237 1543 358 1622 pariter
373 1551 488 1624 spectat
504 1542 612 1621 Derrrn,
629 1561 781 1606 summum
795 1543 848 1605 bo·
887 1541 1013 1622 proinde
1039 1543 1097 1605 sub
1126 1543 1184 1606 hoc
1211 1543 1329 1607 diverso
1352 1558 1491 1630 respectu

239 1645 315 1689 num
334 1627 445 1690 absens
463 1635 494 1689 et
510 1626 627 1689 divinae
641 1626 754 1704 gratiae
772 1626 847 1689 snb·
888 1635 1029 1705 possunt,
1049 1645 1117 1691 oum
1136 1627 1196 1690 sibi
1211 1647 1271 1690 non
1290 1641 1489 1710 opponantur.

236 1711 321 1773 sidio
339 1711 549 1790 obtinendum,
568 1710 757 1788 desiderare;
778 1729 847 1773 eum
887 1708 947 1772 Nec
966 1709 1048 1774 aliud
1076 1711 1136 1774 sibi
1154 1714 1217 1775 vult
1241 1731 1267 1775 s.
1292 1713 1489 1796 Augustinus,

238 1795 409 1857 universim
424 1795 461 1857 ad
472 1813 605 1857 amorem
621 1794 847 1858 benevolentiae
888 1794 941 1874 qui
957 1803 1060 1876 oporto
1071 1796 1190 1876 agnovit
1205 1795 1428 1862 distinctionem
1445 1801 1493 1862 in-

236 1887 357 1958 spectet
375 1878 501 1958 bonum‚
521 1879 548 1940 si
566 1886 611 1941 est
628 1879 750 1956 absens,
770 1879 848 1942 desi·
890 1885 935 1939 ter
951 1891 1114 1960 utrumque
1135 1897 1289 1959 amorem3
1315 1881 1377 1944 imo
1397 1903 1491 1967 saepe

237 1957 361 2041 derare,
381 1972 412 2026 et
429 1963 533 2026 eodem
550 1963 621 2041 inni,
646 1963 672 2026 si
695 1973 740 2026 est
758 1983 847 2045 prae·
887 1959 1019 2025 inculcat
1036 1983 1169 2026 amorem
1192 1964 1256 2045 spei
1276 1973 1417 2047 tanquam
1431 1968 1490 2030 bo-

237 2065 325 2126 sens,
345 2056 381 2110 ut
395 2057 476 2129 patet
500 2048 531 2109 in
550 2065 664 2125 amore,
688 2066 748 2128 quo
766 2049 845 2110 ami·
887 2065 980 2124 nom;
1001 2065 1047 2108 er.
1069 2065 1114 2124 gr.
1131 2065 1197 2110 curn
1211 2049 1243 2108 in
1255 2049 1374 2112 Emorr.
1394 2051 1424 2112 in
1441 2072 1486 2132 ps.

237 2149 293 2192 cos
322 2131 490 2208 diligimus.
525 2131 603 2210 Ergo
625 2131 663 2194 ad
691 2132 845 2194 caritatem
886 2145 942 2190 cxx
963 2131 1007 2193 sio
1032 2131 1135 2194 fideles
1166 2131 1319 2194 hortatur:
1344 2133 1415 2197 Noti
1437 2137 1489 2217 fn-

237 2215 443 2292 theologicam
472 2215 508 2278 de
527 2215 604 2278 iacto
632 2223 746 2297 spectat
762 2225 847 2279 aetus
886 2231 951 2276 cers
981 2214 1123 2296 (bonurn
1154 2217 1246 2297 opus)
1279 2217 1341 2279 nisi
1365 2229 1490 2299 propter

238 2299 434 2378 theologicae
455 2299 531 2381 spei.
885 2299 981 2361 vitum
997 2308 1160 2378 aetermam,
1183 2301 1249 2363 ideo
1270 2303 1335 2381 fue,
1362 2311 1392 2364 et
1408 2321 1491 2366 seru·

282 2384 339 2446 37.
356 2382 448 2466 liesp.
467 2384 541 2466 Nep.
555 2382 593 2446 ad
609 2384 639 2444 l.
654 2381 772 2464 probat.
792 2403 846 2447 seu
885 2399 941 2444 rus
957 2384 1048 2464 socies
1061 2384 1128 2464 (4);
1156 2392 1186 2446 et
1203 2385 1234 2446 in
1254 2401 1299 2466 ps.
1322 2403 1422 2449 xxxix:
1445 2389 1492 2452 Sit

236 2465 278 2528 ad
299 2468 433 2548 primum
453 2476 565 2530 tentum
594 2467 745 2530 obiectum
764 2487 800 2530 ex
818 2487 844 2532 s.
886 2468 1034 2532 Dominus
1052 2469 1130 2532 Deos
1149 2477 1219 2532 tuos
1246 2485 1307 2548 apes
1337 2479 1408 2535 too:
1428 2490 1491 2536 nort

237 2552 413 2630 Augustino
442 2551 593 2627 dicimus,
622 2551 706 2614 illurn
725 2552 761 2614 ed
782 2572 846 2616 rem
886 2551 972 2614 uliud
1000 2553 1116 2633 aliquid
1144 2571 1164 2616 o
1192 2554 1319 2616 Domino
1348 2555 1409 2617 Deo
1440 2566 1492 2619 tuo

240 2653 307 2696 non
326 2653 406 2698 esse.
421 2633 494 2698 Nam
513 2635 597 2698 ibis.
614 2635 734 2714 hoctor,
751 2645 784 2698 ut
795 2657 847 2718 pa·
885 2652 1005 2714 speres,
1035 2639 1087 2700 sed
1118 2639 1180 2716 ipse
1197 2637 1344 2700 Dominus
1361 2647 1433 2702 toas
1450 2642 1491 2704 sit

241 2728 287 2780 tet
302 2738 337 2781 ex
358 2720 424 2782 eius
437 2739 528 2802 scopo
546 2728 577 2782 et
592 2719 736 2782 orationis
754 2721 844 2799 serie,
884 2736 950 2798 spec
966 2728 1019 2782 tun
1024 2765 1087 2783 .....
1116 2723 1160 2784 Tu
1175 2721 1273 2800 ipsam
1291 2723 1386 2784 Decem
1404 2732 1491 2788 torem

164 2832 165 2836 =
238 2803 318 2865 nihil
329 2804 413 2866 aliud
424 2803 592 2882 significare
603 2803 740 2882 intendit,
755 2824 845 2885 qnam
882 2811 947 2881 pote
952 2827 966 2876 ;
985 2803 1045 2866 imo
1055 2822 1136 2882 uero,
1148 2806 1324 2884 comtemptis
1332 2806 1411 2883 aliis,
1421 2825 1491 2886 per-

237 2889 270 2948 in
291 2889 387 2950 coelis
411 2907 466 2950 nos
494 2896 710 2950 consecuturos
727 2887 843 2966 ileum,
884 2903 920 2966 pe
940 2889 979 2950 od
993 2888 1079 2950 ittam
1091 2886 1153 2968 (5).
1175 2885 1212 2949 Ut
1231 2887 1292 2950 alia
1310 2907 1387 2970 pene
1405 2890 1490 2954 eius-

236 2991 333 3052 quem
354 2981 385 3035 et
403 2971 561 3035 dileximus
575 2981 605 3034 et
618 2972 803 3054 speravimus
815 2973 846 3034 iu
886 2970 968 3032 modi
988 2971 1146 3033 innumera
1165 2970 1302 3034 omittam
1319 2971 1380 3052 (6).

238 3056 403 3133 haesita,
434 3057 508 3137 quin
538 3056 692 3138 quidpiam
714 3055 847 3120 insinuet
929 3055 981 3117 39.
998 3055 1042 3118 Ad
1060 3056 1091 3117 2.
1109 3057 1169 3132 N.;
1190 3056 1320 3118 latemur
1338 3075 1441 3138 porro,
1455 3079 1492 3121 u-

237 3142 324 3202 ciroa
339 3141 487 3202 rationem
502 3140 651 3204 eiusmodi
663 3140 844 3220 dilectionis,
886 3145 1024 3220 tramqne
1049 3140 1189 3202 virtutem
1208 3140 1273 3222 spei
1299 3149 1330 3202 et
1356 3141 1491 3206 caritatis

238 3234 345 3286 utrum
363 3225 563 3286 amaverimus
575 3231 609 3286 ut
626 3224 738 3287 bonum
758 3224 788 3286 in
800 3243 844 3302 se,
886 3221 917 3284 in
931 3223 1058 3287 baovite
1069 3243 1123 3307 pro
1135 3224 1253 3286 obiecto
1268 3225 1380 3287 babere
1393 3225 1489 3291 Deum

238 3327 348 3370 amore
380 3308 631 3383 benevolentiae,
662 3327 701 3371 an
725 3327 795 3372 vero
814 3319 847 3372 ut
887 3308 932 3369 uti
948 3308 1060 3371 bonum
1077 3308 1199 3386 absens,
1213 3308 1342 3371 arduum
1362 3317 1393 3372 et
1408 3310 1489 3373 luto·

238 3392 357 3454 bonnm
375 3392 482 3472 nobis,
506 3411 610 3456 amore
627 3393 845 3476 eoncupiscen-
885 3409 966 3470 rum,
986 3392 1039 3455 sed
1053 3411 1090 3454 ex
1111 3392 1229 3455 diverso
1246 3392 1357 3455 motivo
1376 3394 1490 3457 moveri

239 3479 315 3552 tiae,
335 3476 408 3558 quia
422 3477 453 3538 in
467 3486 596 3558 utraque
613 3476 770 3558 hypothesi
781 3497 847 3540 sco·
886 3475 924 3536 ad
942 3476 1017 3537 illud
1032 3475 1274 3539 desiderandum.
1302 3476 1360 3538 Per
1376 3479 1489 3540 carita-

238 3581 313 3640 pnm
343 3579 432 3623 suurn
462 3561 626 3640 attingebat
645 3561 844 3637 ostendendi,
886 3567 946 3621 tem
973 3560 1052 3622 euim
1081 3559 1263 3622 desiderium
1293 3568 1429 3622 movetur
1453 3580 1489 3623 er

237 3645 324 3724 quod
339 3644 370 3706 in
382 3643 478 3726 patria
490 3645 570 3708 beati
587 3644 753 3721 obtineant,
765 3647 846 3726 quod
884 3642 951 3723 ipsa
980 3642 1113 3705 bonitate
1141 3641 1255 3721 divina,
1279 3651 1369 3724 prout
1390 3652 1434 3706 est
1456 3645 1489 3707 in

237 3729 271 3788 in
291 3729 349 3791 hae
367 3730 427 3791 vita
448 3737 479 3791 et
504 3728 696 3791 crediderunt
717 3738 747 3791 et
764 3729 843 3793 dile·
885 3745 935 3805 se3
952 3726 1035 3807 quod
1052 3734 1098 3788 est
1119 3725 1270 3788 obiectum
1289 3726 1415 3790 lormalo
1433 3747 1487 3790 oa-

236 3820 349 3875 xerunt
368 3821 398 3875 et
412 3821 582 3894 sperarunt,
602 3829 710 3894 nempe
725 3812 842 3892 heum,
885 3809 1000 3872 ritntis:
1022 3828 1076 3893 per
1105 3828 1190 3892 spem
1212 3827 1282 3873 vero
1304 3809 1488 3875 desiderium

239 3915 333 3975 quem
353 3897 484 3979 periente
499 3897 634 3976 diligent,
654 3895 845 3978 perfecteque
885 3894 1032 3956 excitatur
1048 3894 1085 3956 ad
1103 3893 1183 3957 idem
1201 3911 1354 3956 summum
1372 3893 1485 3958 bonum

237 3981 451 4064 adimplebunt
478 3999 608 4064 primum
628 3990 658 4042 ot
681 3981 842 4044 maximum
883 3978 1139 4061 prosequendum,
1156 3986 1305 4060 quatenos
1315 3986 1362 4042 est
1373 3977 1487 4044 bonum

273 4197 296 4264 (l
324 4197 388 4268 Cep.
403 4195 470 4260 Vlll,
488 4213 517 4249 n.
530 4201 571 4250 ts.
884 4203 1051 4274 praeceptum
1064 4193 1129 4248 illud
1141 4191 1307 4263 implebitur:
1325 4191 1424 4265 Diliges
1435 4195 1488 4249 ilo·

272 4265 300 4332 (2
325 4270 389 4336 bap.
401 4265 471 4318 vlll.
883 4279 983 4316 mrnum
993 4262 1078 4316 heum
1094 4271 1182 4325 tuum,
1193 4271 1245 4314 etc.

273 4337 313 4402 (5)
331 4333 369 4386 En
387 4331 526 4400 Augustini
544 4330 637 4384 veritas
664 4353 675 4378 ι
698 4328 764 4396 Quin
783 4328 843 4382 fidei
917 4332 957 4398 (t)
969 4329 1002 4384 N.
1016 4335 1057 4383 to.
1128 4331 1167 4410 (a)
1180 4329 1211 4382 N.
1225 4334 1239 4381 7
1251 4337 1278 4382 et
1286 4331 1314 4382 8.

237 4405 337 4470 erepet
356 4404 406 4454 lom
425 4417 466 4453 res
484 4401 548 4467 ipsa,
562 4415 613 4451 non
638 4415 704 4468 quae
722 4397 844 4450 credatur
916 4399 955 4466 (o)
967 4399 1009 4451 ci.
1026 4396 1096 4466 epod
1113 4397 1192 4450 lene.
1215 4395 1327 4464 llsyrin
1350 4410 1395 4463 op.
1406 4394 1485 4447 Dim

237 4479 263 4518 nt
280 4479 412 4538 operetur,
429 4466 473 4522 sed
492 4485 557 4536 quoe
574 4466 703 4529 videatur,
713 4475 843 4544 tencatur·
882 4466 1036 4531 Augustinus
1046 4469 1260 4531 ottoesptrr'tsoh's
1270 4467 1409 4540 monialem,
1421 4471 1484 4540 torp.

238 4555 299 4655 «pop,
312 4539 449 4614 srrccedet:
469 4537 560 4587 coritas
571 4544 667 4652 nqtpnq,
685 4535 790 4652 qnnepn
804 4534 844 4584 lus
882 4538 908 4586 2.
928 4551 1009 4611 mens.
1022 4531 1112 4652 pptob.
1141 4543 1168 4585 et
1176 4529 1496 4652 lpovporquqquqrbptpqlopp:¹

238 4612 710 4742 thltlffl‘rt‘tlllthhlr
728 4618 843 4722 {insili
881 4617 1032 4738 lttltb.
1056 4616 1113 4654 ¹⁰¹
1127 4616 1151 4653 ⁸·
1200 4615 1230 4652 ⁰⁰
1352 4613 1369 4666 ⁸
