3700 5659
684 490 689 495 ’
775 524 870 575 carur
888 525 919 570 ιι.
1372 499 1437 578 159

280 620 326 683 20.
359 617 440 683 Circa
473 626 635 700 utrumque
674 615 825 680 eiusmodi
866 635 945 697 quae
960 617 1147 682 constituunt
1163 619 1392 688 fundamentum
1407 626 1473 708 spei

247 704 358 786 partiale
371 703 529 780 obiectum,
553 701 608 768 Dei
624 701 740 764 scilicet
758 702 827 764 bea·
853 699 1000 764 ''nosuae

247 787 369 850 tifioantis
383 805 416 849 ae
430 786 483 868 Dei
496 785 678 862 auxiliantis,
693 785 826 849 nonnul·
909 785 961 847 22.
983 785 1032 848 Sic
1061 804 1132 849 vero
1150 787 1307 852 veritatem
1334 792 1473 854 ostendi·

246 874 286 934 lae
316 870 528 932 controuersiae
562 870 732 948 agitantur,
764 869 827 932 sire
867 887 935 931 mus
949 870 1058 950 prioris
1076 870 1180 952 partis:
1198 871 1267 935 Ideo
1280 874 1362 938 enim
1375 875 1470 939 Deum

246 956 314 1018 inter
340 954 419 1035 ipsos
441 953 628 1033 catholicos,
655 953 718 1016 sire
749 952 827 1016 inter
866 952 1034 1034 appetimus
1045 962 1079 1016 ut
1093 953 1308 1020 beatitudinem
1321 968 1468 1039 notram,

246 1037 392 1100 catholicos
429 1045 460 1100 et
497 1045 706 1120 protestantes.
746 1036 828 1100 luter
867 1036 940 1117 quia
957 1037 1056 1119 ipsum
1075 1037 1191 1102 infinite
1206 1041 1317 1104 bonum
1333 1044 1471 1122 agnosei-

245 1121 393 1184 catholioos
409 1129 504 1196 sunt,
534 1121 587 1203 qui
615 1120 825 1199 contendant,
867 1139 957 1199 mus,
978 1130 1069 1203 atque
1099 1141 1135 1185 ea
1165 1124 1286 1206 quidem
1306 1126 1467 1206 bonitate,

246 1205 313 1268 lraud
329 1204 469 1284 distingui
490 1205 543 1268 llei
573 1204 772 1270 beatificantis
790 1224 826 1268 a·
867 1223 946 1286 quae
964 1204 1102 1269 diffusira
1118 1215 1174 1284 est,
1194 1211 1467 1291 communicabilis,

247 1307 345 1352 norem
378 1289 416 1352 ab
444 1308 548 1352 amore
574 1287 736 1365 oaritatis,
765 1309 826 1372 quo
867 1288 1083 1371 constituitque
1109 1302 1316 1356 ereaturarum
1333 1294 1469 1358 rationa-

246 1372 450 1452 iustilroamur3
488 1373 540 1436 alii
573 1391 644 1436 uero
673 1381 824 1452 censent,
867 1371 942 1435 lium
959 1373 1185 1456 perlectionem:
1206 1380 1316 1441 bonum
1337 1397 1478 1464 namque·

246 1456 325 1519 lleum
339 1457 580 1537 beatificantem,
600 1476 655 1522 seu
678 1465 827 1539 quatenus
867 1465 938 1532 eat,
962 1459 1039 1537 quod
1055 1459 1159 1522 omniu
1186 1470 1346 1542 oppetunt,
1368 1464 1470 1528 omnia

246 1540 398 1603 estbnnum
416 1550 572 1621 nostrum,
593 1560 660 1606 esse
676 1541 827 1608 obiectum
867 1548 969 1603 autern
1003 1552 1148 1623 appetunt
1186 1563 1272 1608 suam
1308 1547 1470 1627 perlectio-

245 1624 298 1705 spei
310 1626 430 1688 formale
443 1625 644 1707 adaequatum
656 1625 770 1706 absque
781 1644 829 1688 re·
867 1643 937 1686 nem
960 1625 1022 1706 (l);
1054 1628 1150 1689 mullo
1178 1647 1248 1692 uero
1265 1630 1370 1708 magis,
1400 1649 1470 1694 oum

246 1717 334 1788 spectu
349 1709 387 1772 ad
403 1709 469 1772 eius
495 1709 624 1788 auxilia,
641 1717 744 1772 eontra
757 1729 828 1774 uero
868 1707 1017 1772 eiusmodi
1036 1709 1147 1773 donum
1175 1730 1326 1776 summum
1356 1722 1402 1776 est
1435 1733 1471 1779 ae

246 1792 288 1853 alii
303 1792 493 1873 arbitrantur,
514 1793 668 1890 proprium
688 1801 718 1856 et
735 1793 827 1860 adoe—
867 1791 967 1873 ipsum
979 1793 1124 1857 excedens
1135 1798 1304 1859 naturalem
1320 1797 1469 1879 ordinem,

245 1883 352 1954 quatum
365 1878 492 1940 lormale
512 1896 576 1960 sper
595 1877 746 1940 obiectum
761 1896 828 1942 esse
868 1885 1017 1957 quatenus
1029 1881 1257 1960 supernaturale
1271 1889 1317 1943 est
1331 1899 1366 1943 aa
1380 1901 1474 1964 supra

245 1959 328 2022 solum
345 1959 437 2024 Deum
454 1962 677 2041 auxiliatorem,
696 1981 751 2026 seu
764 1961 827 2026 rir-
869 1968 994 2023 naturae
1008 1961 1187 2038 exigentiam
1205 1982 1305 2046 anper
1322 1967 1419 2028 solam
1437 1967 1472 2030 li·

246 2051 324 2106 tutem
336 2044 696 2110 lleiauxiliatrioem.Alii
707 2046 828 2110 demum
868 2043 936 2106 dem
954 2044 1117 2122 cognitum.

246 2146 273 2187 er
286 2137 405 2211 utroque
417 2130 542 2193 oonllari
559 2129 830 2194 obiectumlorma-
911 2128 963 2190 23.
982 2127 1087 2200 Quoad
1103 2129 1229 2193 alteram
1243 2149 1313 2193 uero
1331 2141 1482 2213 partem,

247 2211 352 2294 lespoi,
377 2215 539 2277 aliirmant.
562 2211 648 2288 Quod
665 2213 771 2278 attinet
792 2213 830 2280 ad
870 2230 905 2274 ea
923 2213 1029 2275 exinde
1048 2221 1156 2294 patet,
1177 2214 1258 2296 quod
1275 2215 1344 2278 ideo
1366 2213 1472 2299 spere-

248 2296 359 2374 priorom
375 2298 598 2380 quaestionem,
614 2297 645 2360 in
660 2298 749 2362 tertia
762 2317 831 2381 par·
871 2314 964 2375 mus,
987 2303 1068 2361 tanto
1098 2296 1203 2378 bono,
1229 2317 1283 2362 seu
1302 2299 1356 2362 llei
1377 2301 1473 2383 ipsius

247 2387 279 2456 te,
300 2381 327 2443 in
345 2382 459 2464 quade
486 2383 609 2446 caritate
631 2383 830 2464 pertractabi-
870 2380 1013 2444 fruitione
1027 2381 1189 2461 aliquando
1207 2383 1310 2465 potiri,
1326 2384 1474 2465 quianon

249 2481 314 2542 mus,
333 2466 531 2548 opportunius
558 2466 615 2530 rile
634 2467 828 2532 disseremus.
871 2463 998 2528 deerunt
1014 2465 1113 2528 media
1138 2466 1177 2528 ab
1196 2486 1233 2529 eo
1257 2469 1421 2532 constituta
1439 2489 1475 2533 ae

249 2544 282 2608 be
294 2550 411 2631 reliquis
426 2550 502 2632 quid
518 2550 712 2614 verisimilius
729 2560 832 2614 tenen·
871 2549 1007 2612 subsidia
1023 2549 1062 2612 ad
1080 2548 1111 2610 id
1129 2551 1386 2632 consequendum.
1411 2553 1474 2617 lam

249 2629 306 2693 dum
326 2635 373 2714 sit,
398 2635 632 2716 insequentibus
648 2635 831 2716 propositio·
871 2650 941 2694 vero
970 2633 1225 2712 tundamentum,
1249 2635 1298 2698 eui
1316 2635 1476 2700 innitimur

249 2713 323 2779 nibus
356 2719 556 2801 aperiemus,
594 2718 704 2799 quibus
740 2719 830 2784 etiam
872 2715 909 2776 ad
929 2716 1002 2778 baeu
1020 2717 1156 2779 subsidia
1173 2719 1265 2780 saluti
1284 2727 1405 2783 nostrae
1423 2741 1477 2784 ne-

249 2797 450 2866 haeretioorum
471 2821 603 2866 errorem
623 2803 661 2865 de
684 2803 831 2866 bonorum
872 2801 1003 2862 cessaria
1030 2801 1178 2880 speranda
1206 2801 1356 2883 nobisque
1382 2823 1474 2886 expe-

249 2899 354 2963 operum
368 2886 532 2950 inutilitate
543 2887 580 2950 ad
592 2894 744 2953 aeternam
759 2887 832 2948 bea·
872 2882 991 2960 aranda,
1001 2884 1118 2945 nullum
1130 2884 1213 2946 aliud
1227 2894 1284 2963 est,
1297 2905 1388 2967 quam
1403 2889 1476 2969 quia

250 2966 390 3034 titudinem
407 2971 498 3034 nobis
513 2971 744 3054 comparandam
762 2970 833 3033 ado·
873 2967 948 3028 haec
974 2966 1040 3047 ipsa
1067 2967 1155 3029 nobis
1173 2967 1225 3030 ille
1242 2968 1398 3050 promisit,
1419 2991 1476 3035 neo

249 3049 356 3116 riemur.
485 3082 493 3090 ··
873 3049 1126 3131 promissionibus
1151 3051 1214 3114 suis
1230 3053 1292 3115 ullo
1311 3054 1400 3116 modo
1419 3056 1475 3118 de-

844 3195 850 3208 ,
873 3152 942 3196 esse
955 3143 1064 3216 potnat.
1080 3134 1171 3198 Recte
1193 3136 1287 3215 igitur
1300 3138 1400 3202 diuina
1418 3140 1476 3203 bn-

338 3253 340 3256 -
423 3223 598 3270 rnorosrrro
615 3223 638 3272 1.
875 3218 964 3296 nitas,
985 3237 1064 3300 quae
1089 3221 1349 3285 communicabilis
1367 3232 1423 3301 est,
1443 3232 1477 3287 ut

252 3313 358 3372 dilectum
373 3325 480 3386 formale
495 3327 546 3386 opat
563 3327 597 3372 erl
614 3321 691 3384 Deua,
709 3325 737 3372 ul
758 3323 835 3374 banna
874 3302 1028 3384 Primum,
1048 3304 1194 3368 Ἷθΐὸθίῑὸδ
1216 3323 1287 3368 Ἶθΐθ
1309 3307 1476 3370 dillubium

275 3389 420 3442 mitratus
443 3394 496 3442 auia
510 3391 712 3456 prorraiaaiouibua
740 3393 834 3453 infinite
874 3387 1121 3468 promissionum
1138 3396 1171 3451 ut
1188 3390 1316 3452 alterum
1335 3393 1479 3454 statuitur

274 3469 353 3508 aerae.
875 3470 1057 3534 christianae
1074 3472 1139 3554 spei
1154 3472 1306 3536 obiectum
1328 3474 1475 3554 lormale,

283 3553 330 3616 ll.
342 3557 401 3621 llan
416 3556 622 3642 propositione
634 3556 834 3636 adaequatum
874 3571 928 3616 seu
940 3554 1022 3634 quod
1035 3555 1114 3617 idem
1130 3565 1187 3634 est,
1206 3557 1349 3620 motivum
1363 3568 1393 3620 et
1410 3560 1479 3620 lun-

187 3701 194 3714 ,
251 3632 360 3704 formale
377 3644 441 3727 spei
457 3643 608 3705 obiectum
627 3640 835 3721 complerisu·
874 3636 1046 3700 dementum
1068 3638 1130 3719 (2).

251 3734 316 3800 rous,
337 3734 399 3788 lum
416 3745 526 3808 nempe
543 3725 637 3788 Deum
658 3723 834 3788 beatificam·
917 3721 969 3782 dl.
983 3719 1229 3803 Quandoquidem
1240 3741 1310 3786 vero
1325 3734 1476 3789 aeternam

251 3807 311 3880 tem,
329 3827 380 3872 seu
398 3820 489 3893 prout
505 3817 551 3872 est
568 3808 720 3872 beatitudo
733 3815 834 3872 nostra
875 3803 1092 3868 beatitudinem
1111 3812 1201 3886 atque
1227 3808 1326 3871 media
1343 3811 1380 3872 ad
1409 3829 1476 3873 eam

251 3902 278 3946 tc
294 3887 400 3957 bonum
422 3902 572 3970 nostrum,
592 3901 655 3955 lum
674 3891 768 3956 lleum
783 3911 835 3955 nu·
875 3889 1106 3970 comparandam
1132 3893 1377 3974 superandasque
1396 3894 1476 3957 dilli-

250 3968 401 4042 riliatorem
419 3997 474 4061 per
489 3977 705 4061 promissiones
736 3993 833 4052 suas,
875 3974 1022 4052 cultates,
1050 3993 1128 4056 quae
1150 3973 1188 4038 ab
1207 3977 1273 4039 eius
1290 3979 1479 4042 assecutione

261 4119 311 4192 ,Ui
328 4125 380 4178 lloc
398 4136 437 4180 est
452 4112 611 4196 principium
627 4127 708 4178 instar
724 4125 834 4177 axioma·
874 4121 937 4173 xilio
950 4121 981 4174 ad
1000 4124 1211 4191 consequendum
1228 4124 1325 4185 bonum
1337 4138 1477 4195 speratum.

251 4187 277 4259 lu
296 4195 453 4274 aveteribus
470 4203 619 4262 receptum,
638 4191 760 4261 qnodque
777 4208 835 4259 pae-
873 4187 983 4270 Oportet
1000 4199 1096 4251 aulem,
1114 4191 1235 4274 ellectum
1253 4211 1408 4247 esseeausar
1420 4213 1480 4264 pro-

250 4262 835 4399 ttlttttlttt,lllltttttttl‘ttt
873 4258 1480 4397 ttlttttt‘nll{lstlttttattbtttz

250 4385 291 4460 tela
307 4395 316 4442 l
333 4403 402 4450 albia.
420 4409 446 4451 et
468 4415 490 4450 s.
510 4396 621 4448 Thomas
637 4395 704 4448 illud
721 4394 834 4463 explieat
873 4410 942 4455 utus,
959 4402 999 4447 eat
1017 4393 1113 4446 bonum
1132 4394 1278 4474 irplinitum,
1289 4396 1358 4475 quod
1372 4413 1480 4464 propor-

251 4465 273 4503 ιιι
290 4457 335 4515 loo.
357 4466 402 4517 oit.
423 4483 450 4534 q.
463 4470 490 4528 d,
508 4473 557 4517 art.
570 4469 595 4516 l.
873 4462 989 4514 tinuatur
1005 4462 1096 4514 virtuli
1110 4463 1156 4514 Dor
1174 4462 1339 4526 adiuuantrs3
1357 4479 1415 4514 nam
1434 4467 1477 4514 in-

279 4524 313 4593 (2)
335 4530 463 4586 Praeclare
491 4533 554 4584 baec
580 4529 727 4599 complexus
755 4537 793 4580 ent
809 4545 831 4580 s.
872 4529 960 4580 linitae
979 4529 1129 4581 virtutisoat
1147 4530 1282 4598 proprium
1299 4529 1478 4585 adinlinitutu

250 4588 348 4650 'ihomas
369 4601 401 4662 ll,
419 4607 446 4664 a,
483 4637 491 4652 .
515 4604 557 4663 tl,
579 4607 628 4650 art.
651 4603 683 4660 2,
701 4595 831 4674 scribens:
872 4595 968 4649 bonum
980 4597 1159 4666 perducere.»

253 4660 329 4730 ⁸Spes
345 4669 445 4737 attingit
461 4617 565 4735 deum,
583 4667 696 4720 innitens
713 4681 769 4718 erus
785 4679 832 4716 au·
