3700 5659
781 498 876 545 curun
891 501 922 545 u.
1371 488 1431 552 att

220 589 330 654 diviua
344 585 564 651 bouitasmodo
577 587 670 649 multo
687 588 833 650 excelleu·
873 589 1004 668 digentia
1022 599 1145 668 mutua,
1166 600 1196 656 et
1216 613 1252 657 eo
1283 595 1392 672 maim,
1414 617 1474 680 quo

225 675 302 738 tiori
319 692 354 735 ac
372 671 543 754 perfectiori
569 671 726 750 attingitur
752 682 783 734 et
801 691 833 734 se
872 673 1063 737 dilectionem
1076 685 1107 737 et
1120 678 1282 741 amicitiam
1295 690 1413 760 oportet
1425 700 1475 744 es-

224 757 358 840 speciaii
377 765 408 820 et
425 757 512 833 inope
526 753 626 817 aitiori
643 755 731 817 modo
746 756 834 817 nobis
872 775 905 819 ee
924 759 1081 821 maiorem.
1102 759 1163 822 Hoc
1179 772 1279 824 autem
1310 765 1479 829 subsistere

226 841 450 904 conrruunicat.
483 839 558 902 iiiuc
575 858 602 901 s.
623 838 755 901 Thomas
782 839 836 900 do·
874 857 933 902 nou
951 853 1071 922 posset,
1087 843 1113 904 si
1133 845 1276 907 motivum
1294 849 1428 910 caritatis
1446 859 1477 912 et

227 937 293 1003 cet,
307 926 439 1008 speciale
453 924 604 986 obiectum
624 923 758 984 caritatis
769 942 835 984 esse
873 926 1024 988 amicitiae
1043 945 1102 988 uou
1124 938 1204 991 esset
1220 929 1264 991 ris
1289 929 1423 993 benefica
1439 953 1475 994 a·

228 1011 349 1072 bouum
368 1008 515 1072 divinum.
529 1017 563 1070 ut
580 1017 626 1069 est
644 1006 836 1069 beatitudinis
875 1013 945 1070 mati
962 1027 1032 1086 erga
1049 1021 1212 1074 amantem.
1242 1013 1355 1075 Caritas
1385 1015 1477 1092 igitur

227 1093 460 1172 obiecturum).
480 1090 836 1173 bieritoproprereucou-
876 1092 967 1155 habet
985 1113 1038 1173 pro
1061 1095 1171 1157 motivo
1192 1095 1306 1172 bourn,
1326 1107 1476 1177 quatenus

228 1179 292 1239 fixa
311 1183 357 1238 est
376 1175 427 1238 iiia
444 1175 506 1236 Baii
528 1176 704 1256 propositio,
725 1193 784 1255 qua
805 1195 838 1236 u·
870 1187 920 1238 est
938 1178 1089 1240 beneficus
1106 1190 1242 1260 respectu
1267 1182 1380 1260 nostri,
1415 1201 1474 1244 nou

230 1271 344 1342 terque
357 1260 432 1321 ordo
450 1259 644 1320 couiuuditur
658 1277 692 1319 ac
712 1258 839 1338 proinde
875 1269 975 1322 autem
997 1261 1141 1342 praecise,
1155 1273 1303 1343 quatenus
1325 1274 1371 1327 est
1388 1282 1475 1328 surn-

229 1355 416 1425 utrumquee,
433 1342 605 1404 oadtubset
623 1343 734 1420 auroris
747 1352 836 1405 natu·
876 1363 959 1406 mum
982 1344 1094 1409 bouum
1111 1347 1169 1408 sibi
1189 1346 1250 1428 (3).

229 1428 322 1498 ratis,
342 1428 492 1489 obiectum
510 1427 571 1507 (i).
919 1429 971 1490 55.
987 1427 1078 1508 Resp.
1098 1430 1137 1491 ad
1156 1431 1185 1492 1.
1203 1431 1241 1494 Ν.
1263 1424 1316 1505 nt,
1334 1432 1371 1493 ad
1387 1431 1475 1513 prob.

277 1513 333 1574 55.
352 1510 389 1573 ΙΙ.
406 1509 474 1573 ou.
495 1515 524 1570 tr
542 1513 634 1571 Arnor
653 1507 831 1571 benevolen-
876 1512 912 1573 b.
937 1511 1144 1576 benevolentia
1171 1532 1206 1576 ex
1231 1533 1258 1576 s.
1276 1513 1392 1578 Thomu
1417 1536 1476 1579 uou

232 1596 297 1658 tiae
316 1604 515 1676 nuncupatus,
536 1611 589 1656 seu
609 1611 669 1674 quo
689 1594 766 1654 Deus
788 1593 835 1653 di·
875 1605 921 1656 est
938 1613 1025 1657 amor
1041 1597 1091 1658 bei
1109 1597 1140 1658 in
1156 1616 1190 1660 se
1208 1605 1237 1659 et
1249 1615 1346 1679 perse
1361 1610 1477 1680 specta·

231 1679 474 1760 ligitur-propter
493 1679 625 1760 seipsum
645 1695 699 1738 seu
721 1677 837 1756 absquo
876 1687 916 1754 ta,
939 1682 989 1756 d,
1010 1680 1041 1741 in
1062 1681 1319 1758 unioneaiiectus,
1340 1686 1473 1764 quicum

231 1763 438 1824 retentionem
465 1781 539 1836 urus,
560 1772 606 1823 est
631 1761 834 1835 chimerieus3
875 1760 940 1842 ipsa
958 1763 1167 1843 coniungitur,
1184 1767 1223 1828 N.
1245 1765 1360 1828 Etenim
1384 1786 1418 1828 ec
1448 1788 1474 1830 s.

231 1847 392 1927 siquidem
405 1846 611 1908 benevolentia
626 1863 660 1906 ex
680 1863 705 1905 s.
723 1844 836 1906 Tboma
875 1845 1019 1908 doctore:
1046 1849 1083 1911 lu
1114 1849 1289 1926 dilectione,
1313 1853 1478 1915 secuudum

232 1950 297 1991 nou
318 1940 364 1992 est
381 1946 476 1992 amor.
500 1929 596 2016 diist
614 1935 834 2009 praeposterus,
876 1931 954 2008 quood
971 1939 1013 1992 est
1031 1939 1116 1993 ortum
1129 1933 1277 2006 caritatis,
1308 1933 1475 1997 includitur

233 2034 306 2075 nam
321 2015 385 2075 beri
402 2013 516 2094 aequit,
534 2022 565 2073 ut
580 2013 668 2073 botruo
688 2011 838 2092 praesciu—
875 2015 991 2091 quidem
1006 2015 1233 2090 berreoodeutiue,
1247 2017 1297 2077 ced
1308 2017 1423 2079 dilectio
1437 2020 1476 2080 ci·

233 2099 287 2159 dat
301 2097 340 2158 ab
358 2113 461 2158 errrore
475 2096 535 2158 sui.
550 2096 837 2177 ddrnittipropterea
875 2113 1007 2159 uerrumr
1023 2098 1475 2180 odditrtrriouemuffectrts(t).
1521 2143 1524 2147 -

233 2201 297 2242 nnn
314 2191 422 2262 potest,
441 2181 512 2260 quin
532 2179 596 2260 ipsa
622 2180 752 2240 bominis
787 2197 839 2239 ua·
877 2180 1007 2262 ideoque
1029 2199 1117 2242 verus
1134 2191 1180 2243 est
1196 2181 1399 2246 admittendus
1422 2185 1477 2247 be-

234 2275 307 2326 ture
335 2265 524 2336 destruatur,
560 2278 639 2342 quae
669 2262 837 2336 necessario
879 2264 1128 2327 rreuoteutiaeseu
1145 2265 1479 2348 auucitiaeamor,pro·

235 2349 334 2410 tendit
348 2349 378 2409 iu
393 2349 503 2410 bouum
522 2357 673 2426 turriqunm
687 2347 836 2408 obiectum
879 2359 912 2409 ut
931 2348 968 2410 ab
983 2368 1086 2410 amore
1098 2349 1359 2431 concupiscentiae
1374 2351 1481 2413 distin·

235 2449 349 2502 suurn,
368 2431 532 2512 etquidem
552 2430 789 2511 adipiscendum.
808 2432 839 2492 ιιι
877 2433 990 2507 guitur.
1013 2431 1087 2494 Hinc
1103 2433 1186 2494 idem
1202 2434 1355 2509 angelicus
1387 2455 1477 2516 prae-

236 2516 291 2578 Est
306 2515 471 2590 absurdus,
494 2531 562 2574 orum
593 2514 701 2574 caritas
728 2516 840 2574 teratur
878 2516 1022 2596 ceptoriu
1035 2516 1205 2596 insequenti
1222 2519 1350 2579 articulo
1365 2520 1479 2580 consti-

235 2600 268 2660 iu
294 2599 385 2661 mum
406 2598 588 2660 utsbimum
600 2597 689 2658 durem
704 2605 838 2658 nostrum
879 2601 947 2674 tuit,
965 2600 1057 2661 Deum
1075 2619 1135 2663 esre
1151 2610 1273 2680 propter
1288 2604 1419 2682 reipsum
1442 2619 1483 2666 cs

236 2693 268 2744 et
279 2683 486 2763 quaerendum
501 2681 542 2742 uti
556 2682 837 2742 courmuuirubitem
877 2686 1004 2746 curitute
1021 2684 1221 2765 diiipeudum.

237 2785 294 2848 per
310 2767 455 2828 visionem
474 2776 505 2827 et
523 2765 695 2826 fruitionem
716 2765 778 2825 Dei.
808 2763 839 2825 iu
922 2767 974 2827 51.
995 2766 1039 2827 Ad
1057 2768 1089 2826 ι.
1109 2769 1147 2831 N.
1163 2768 1215 2843 Aa
1237 2766 1297 2828 imo
1316 2765 1480 2830 ordinatis·

235 2851 477 2912 aduersariorum
498 2858 597 2910 autem
624 2847 780 2928 bppotbesi
803 2845 839 2908 ad
879 2847 975 2910 simus
994 2849 1141 2910 eiusmodi
1157 2867 1242 2910 arnor
1259 2860 1315 2911 est.
1329 2849 1372 2911 ud
1393 2852 1479 2931 prob.

236 2933 531 3016 periectaecaritatis
548 2930 839 2993 arrumericieudmn
881 2932 960 2994 Fieri
983 2934 1098 3014 nequit,
1122 2943 1154 2994 ut
1184 2933 1274 2994 homo
1294 2933 1484 3014 praescindat

240 3019 367 3079 deberet
385 3018 475 3078 boum
495 3016 702 3096 praescindere
728 3015 766 3074 ab
785 3014 841 3075 boc
881 3015 919 3078 ab
941 3033 1045 3078 amore
1063 3017 1123 3086 sui,
1142 3017 1179 3079 0.
1199 3017 1235 3078 iit
1251 3017 1288 3078 ad
1304 3017 1494 3079 benevolen··

242 3120 302 3163 seo
321 3103 427 3162 ultimo
443 3101 516 3162 siue.
537 3101 570 3160 t·
597 3096 763 3180 Oppouitur
790 3097 841 3158 bei
881 3101 940 3162 tiae
959 3119 1012 3161 seu
1025 3100 1176 3162 amicitiae
1195 3119 1328 3163 amorem
1345 3121 1422 3182 opus
1436 3109 1493 3164 est

237 3186 405 3256 voluntati,
425 3184 478 3264 qm
495 3183 567 3260 uuit,
588 3192 621 3243 ut
639 3183 737 3263 ipsum
756 3199 841 3244 ame·
882 3195 915 3247 nt
926 3184 1317 3261 autsuiamorexciudatur,
1330 3194 1383 3246 aut
1393 3185 1431 3246 ab
1447 3204 1484 3248 eo

239 3287 308 3329 urus
332 3281 364 3329 rt
390 3269 501 3330 iontem
525 3266 673 3327 bonorum
706 3267 840 3326 orunium
883 3267 1122 3350 praescindatur,
1137 3271 1193 3344 N.;
1214 3288 1289 3350 opus
1308 3277 1365 3345 est,
1385 3278 1418 3331 ut
1437 3269 1485 3331 hic

238 3361 268 3412 et
284 3351 464 3434 principium
490 3350 581 3412 totuis
607 3358 725 3411 uostrae
745 3349 842 3410 felici·
882 3354 1149 3428 amorordiuetur,
1164 3354 1199 3416 C.
1218 3351 1416 3432 itaqueamor
1430 3353 1485 3414 be·

238 3437 320 3496 tatis.
341 3436 372 3497 5.
392 3437 484 3496 Amor
508 3432 643 3494 caritatis
672 3431 844 3494 continetur
883 3436 1072 3499 ueeoieutiae
1096 3454 1151 3496 sen
1179 3435 1323 3512 caritatis,
1348 3445 1379 3497 et
1400 3453 1486 3497 amor

238 3519 427 3594 subponere
450 3517 564 3580 amoris
593 3517 738 3578 latissime
756 3535 842 3576 sum·
882 3519 1144 3599 concupiscentiae
1162 3535 1215 3579 seu
1236 3518 1299 3598 spei
1319 3518 1396 3579 idem
1428 3519 1485 3579 ob-

238 3603 295 3683 pti.
317 3601 410 3663 Porro
431 3602 468 3661 de
487 3601 603 3661 ratione
622 3602 735 3662 amoris
754 3608 843 3660 estut
883 3603 993 3665 iectum
1025 3601 1154 3676 habeut,
1184 3601 1299 3662 scilicet
1321 3601 1486 3664 bonitatem

239 3687 355 3746 feratur
372 3685 401 3746 tu
424 3685 534 3745 bunum
562 3684 715 3764 proprium
735 3701 842 3744 amau·
885 3685 949 3762 Dei,
965 3684 1019 3746 sed
1039 3684 1097 3746 sub
1125 3683 1242 3745 diverso
1260 3694 1398 3764 respectu
1418 3703 1485 3765 spe-

239 3767 290 3843 tis,
307 3788 363 3831 seu
380 3765 461 3848 quod
476 3767 516 3828 sit
532 3767 643 3828 bouum
661 3775 796 3848 respectu
812 3786 844 3828 a·
883 3779 1006 3832 ctutum.
1033 3767 1126 3829 Amor
1150 3767 1375 3828 benevolentiae
1394 3768 1489 3828 fertur

239 3853 363 3914 mantis.
389 3851 483 3913 Neruo
511 3851 590 3912 euim
626 3850 720 3912 iactor
738 3849 768 3909 iu
787 3848 843 3909 bo·
884 3854 914 3913 iu
932 3851 1107 3927 bonitatem,
1124 3859 1157 3912 ut
1177 3851 1206 3910 in
1232 3868 1268 3911 ea
1289 3850 1387 3925 sistat,
1408 3859 1487 3911 tarn·

239 3955 312 3996 nom
331 3953 390 3998 uon
408 3953 509 4006 suum,
526 3953 593 3994 cum
608 3932 719 3994 bouum
736 3932 775 3994 sit
794 3951 844 4014 ap·
884 3955 974 4016 quam
995 3952 1098 4016 perse
1116 3933 1277 3996 amabilem
1298 3941 1329 3994 et
1355 3933 1487 3996 deiecta·

239 4019 379 4099 petibile,
399 4027 488 4099 prout
505 4025 550 4078 est
565 4018 717 4098 proprium
735 4014 844 4076 unius·
885 4019 975 4080 bilem
994 4017 1026 4079 in
1044 4026 1156 4094 amato,
1172 4035 1259 4078 amor
1273 4017 1488 4098 concupiscen-

239 4103 403 4183 cuiusque.
423 4101 454 4163 5ο
476 4101 514 4162 Ex
534 4101 698 4162 intentione
720 4110 844 4162 naturae
884 4103 945 4164 tiae
964 4102 1059 4163 fertur
1077 4101 1108 4162 iu
1122 4100 1287 4162 bonitatem
1308 4111 1342 4162 ut
1360 4101 1489 4182 promit·

239 4197 271 4248 et
287 4185 577 4248 iuxtainteutiouem
591 4183 721 4246 divinam
741 4181 846 4244 sunda·
886 4195 998 4248 tentem
1018 4184 1097 4246 bona
1111 4185 1236 4247 amanti.
1256 4184 1395 4246 Ceterum
1416 4185 1492 4246 baec

239 4278 377 4331 mentum
393 4269 564 4329 diiectionis
582 4276 704 4328 mutuae
719 4276 749 4328 et
766 4267 844 4328 ami·
885 4270 1004 4331 bonitas
1024 4269 1143 4330 nonnisi
1171 4269 1300 4346 ratione,
1322 4268 1361 4329 ob
1395 4267 1491 4328 direr-

239 4352 346 4432 citiae,
370 4351 595 4416 cuiusurodiest
609 4351 730 4430 caritas,
745 4351 847 4413 estin·
884 4373 951 4417 sum
970 4351 1101 4436 speciale
1114 4353 1264 4414 motivum
1300 4350 1432 4413 caritatis
1461 4358 1493 4411 et

919 4481 959 4547 (³)
969 4479 1004 4530 itu
1017 4479 1129 4548 Buigcu.
1149 4481 1176 4533 iu
1189 4482 1236 4533 cit.
1253 4495 1349 4548 opere:
1363 4477 1400 4531 Lo
1412 4475 1494 4532 corii&

289 4548 314 4616 t)
335 4549 369 4610 ii,
383 4554 409 4610 2,
423 4565 449 4617 q.
462 4553 505 4609 23,
521 4557 569 4601 art.
580 4552 608 4603 ι.
886 4547 1083 4600 oamerdiDio.

286 4622 314 4684 ἰ)
332 4617 374 4668 Gi.
386 4617 483 4668 Suara-2
505 4635 551 4670 .e.
571 4631 598 4668 n.
611 4619 641 4668 b·
920 4618 960 4683 (t)
972 4615 1003 4679 ii,
1026 4621 1052 4678 Ξ,
1071 4631 1098 4683 q.
1119 4617 1224 4677 27,ert.
1242 4615 1269 4666 Ξ.
