3700 5659
416 467 478 530 208
903 477 944 522 DE
960 477 1104 522 militm

376 574 542 658 samnatica
557 572 756 636 totitnnoetri
769 570 900 651 44444444.
917 569 981 632 444·
1021 567 1195 632 Rationem
1213 571 1380 650 theologice
1405 573 1598 645 assumimini

379 661 522 740 euisestnm
539 667 579 720 est
593 667 706 732 antem,
725 658 803 735 qnaal
819 655 982 735 primoca-
1021 672 1070 726 eo,
1091 653 1172 734 quod
1195 658 1469 736 praestantissimae
1489 663 1593 743 vinulis,

379 746 422 808 elit
442 744 475 804 in
498 743 642 804 desiderio
657 750 757 804 nonro
776 743 861 821 4444,
877 739 983 800 aetnae
1021 737 1190 826 cuiusmodi
1213 739 1324 803 ciuitas
1341 752 1406 815 est,
1429 750 1595 822 praestantis·

380 845 426 903 eo,
442 835 600 907 quaesunt
618 826 658 888 iia
674 826 774 905 finient.
790 823 983 888 ninnium
1022 822 1132 884 simum
1152 823 1260 884 denen
1271 826 1509 889 esseobieetum.
1526 831 1596 894 l’ocn

380 920 483 974 noster
502 912 580 974 Decus
597 919 651 985 est,
668 913 702 972 in
717 926 802 986 qnetn
822 917 923 970 noster
938 908 982 985 as·
1024 906 1140 968 nnllam
1160 907 1242 967 aliud
1255 911 1455 986 praestantius
1472 913 1596 976 obiectum
1649 908 1650 911 '

381 994 478 1075 {ectus
495 995 587 1057 tendit
605 994 776 1074 tripliciter:
796 1010 855 1055 mm
866 991 985 1070 quictem
1024 990 1186 1067 excogitent
1205 1001 1256 1051 ant
1273 992 1341 1070 fingi
1359 1003 1457 1074 potest
1474 1014 1554 1076 quum
1567 999 1598 1058 io·

382 1080 480 1154 modo,
499 1086 591 1158 oront
611 1077 746 1140 oolnmns
764 1075 894 1159 qlociom
909 1075 984 1138 Dei:
1026 1075 1110 1136 44444
1134 1074 1184 1136 [lei
1199 1074 1318 1138 bonitus
1337 1089 1460 1158 propter
1478 1099 1509 1140 se
1525 1082 1598 1142 solun

383 1162 443 1225 olio
461 1164 547 1224 macto
570 1163 733 1225 secunaum
751 1162 828 1240 qnoit
850 1161 987 1222 ootiinnn
1027 1158 1147 1232 ditecm,
1168 1167 1271 1238 444444
1289 1179 1342 1241 per
1365 1178 1400 1222 se
1423 1163 1488 1224 solu
1507 1166 1600 1245 sapien

384 1247 451 1328 sceti
469 1247 569 1326 qtorin
588 1247 664 1308 eine.
692 1243 826 1320 Onornm
853 1245 988 1324 primum
1029 1253 1124 1305 totum
1138 1243 1278 1305 effectum
1294 1254 1445 1307 nostrum.

382 1332 516 1412 pertiiuet
536 1331 578 1392 ool
596 1329 798 1405 dilectiorem,
820 1345 878 1404 qno
894 1329 989 1389 ttenm

385 1415 419 1477 ln
437 1433 468 1475 se
487 1415 548 1493 ipsa
570 1414 740 1491 diliqimus;
757 1413 921 1474 4444444444
943 1428 988 1470 ee·
1577 1464 1586 1485 „

386 1518 422 1562 ro
434 1499 569 1578 pertinet
588 1499 627 1560 aa
641 1498 843 1570 dilectionem,
862 1511 920 1574 qna
940 1494 990 1555 cti·
1073 1494 1126 1557 to.
1151 1493 1176 1555 i.
1189 1491 1258 1556 Obi.
1277 1496 1306 1572 l.
1321 1493 1456 1568 Bonitas,
1471 1513 1542 1574 quoe
1554 1495 1603 1554 nol·

388 1583 511 1662 liqiinns
526 1599 579 1642 nos
597 1581 628 1640 in
649 1583 719 1643 Deo.
742 1581 778 1643 Et
802 1581 867 1641 titio
889 1579 992 1658 44444
1032 1579 1091 1640 lam
1111 1578 1149 1639 nil
1168 1597 1224 1638 nos
1242 1578 1420 1640 solutionem
1442 1579 1551 1642 4444444.
1564 1589 1604 1641 ent

385 1665 494 1747 petitio
508 1665 645 1745 ponitur:
660 1665 870 1743 Sanctificetur
884 1679 991 1724 nonien
1033 1664 1156 1743 quictem
1172 1662 1382 1724 odinis-ationis
1393 1674 1424 1725 et
1443 1665 1605 1724 existimatio

390 1759 495 1824 4444,
523 1767 685 1828 perquam
714 1751 842 1829 petimus
865 1747 993 1826 qtoiiom
1035 1748 1081 1808 nis
1099 1746 1264 1821 obiectum,
1281 1748 1456 1827 neutiquam
1476 1766 1538 1808 nero
1551 1747 1605 1807 curi·

391 1835 468 1906 Dei;
492 1835 622 1896 secunda
644 1834 873 1913 componitur:
893 1833 993 1893 44444-
1035 1832 1103 1892 tntis
1120 1841 1173 1892 444
1193 1830 1356 1892 44444444.
1382 1833 1474 1892 t'orro
1504 1832 1611 1905 tolient·

391 1919 457 1979 aiot
475 1925 722 1998 reqnumtnnm,
743 1935 798 1998 per
819 1932 907 1996 qnam
922 1914 993 1994 4444-
1035 1935 1122 1977 ausint·
1144 1915 1368 1977 beiiennlentiae
1384 1925 1570 1995 nuiieuqntns.
1584 1915 1605 1972 t.

391 2019 459 2064 min
477 2005 517 2064 nol
534 2001 664 2084 qtorioin
678 2002 766 2084 requi
782 2001 845 2064 elue
859 1999 997 2080 perueni-
1035 1998 1114 2060 8444
1131 2017 1157 2059 s.
1177 1999 1319 2071 Ttminns,
1341 2001 1440 2076 44444,
1458 2001 1557 2079 inquit,
1571 1996 1608 2075 qn'

1218 1391 1451 1440 numento-een.

1036 2085 1236 2163 iinpoesitiile,
1257 2085 1335 2162 qnool
1370 2085 1449 2147 Decus
1478 2102 1535 2144 444
1556 2085 1608 2142 eunt

435 2169 488 2231 44.
510 2167 621 2231 Omitto
640 2189 666 2231 s.
686 2167 924 2230 Beneventucam
940 2214 949 2242 ,
968 2185 994 2228 s.
1036 2186 1186 2230 44444444
1205 2169 1334 2229 noncinis
1346 2170 1468 2243 44444,
1486 2185 1540 2228 non
1559 2169 1608 2227 444

394 2253 568 2316 Anselmnm
586 2255 735 2333 etiosqne,
752 2254 804 2332 qui
825 2253 854 2312 in
871 2251 996 2314 eundem
1038 2254 1066 2312 ei
1084 2253 1164 2315 cutio
1177 2253 1324 2331 dlliqenai
1341 2253 1405 2331 (4).
1429 2256 1462 2314 u.
1483 2250 1608 2329 Nnnqmn

396 2337 574 2398 sententiam
595 2337 767 2416 caiisqimnt
783 2337 844 2412 (ἓ),
865 2335 1000 2414 satisque
1039 2337 1102 2398 sine
1121 2336 1274 2417 Scriptum
1290 2337 1353 2398 sine
1372 2346 1473 2417 patres
1496 2345 1541 2396 aut
1555 2350 1608 2392 con·

397 2419 471 2481 mihi
490 2420 548 2480 erit
566 2439 601 2482 ex
629 2420 859 2498 insequentibus
877 2420 1000 2480 scitoto·
1040 2420 1110 2481 cilio
1126 2422 1308 2482 mentionem
1325 2421 1466 2482 iniiciuot
1483 2420 1559 2480 istius
1572 2417 1609 2475 b·

398 2504 483 2565 stiois
504 2503 596 2563 verba
612 2505 719 2564 offerre
734 2502 835 2563 eximii
855 2499 999 2574 Suacezii,
1042 2505 1228 2566 nenotentiae
1244 2506 1370 2580 nonoris,
1383 2504 1466 2585 qnod
1483 2514 1555 2564 certo
1569 2515 1608 2558 44

399 2587 441 2648 itu
456 2586 636 2648 scribentis:
654 2588 758 2650 Primo
771 2595 894 2662 constat,
911 2587 1002 2648 04444
1041 2588 1236 2663 omisissent,
1258 2589 1308 2663 si,
1329 2599 1363 2650 ut
1379 2588 1536 2650 adversarii
1559 2601 1610 2644 eon·
1652 2632 1653 2635 ,

399 2673 455 2734 snt
473 2671 588 2733 ratione
609 2672 677 2734 omn
696 2689 755 2734 esse
783 2672 925 2734 allectum
950 2689 1002 2732 co·
1043 2673 1180 2748 tenilunt,
1192 2681 1273 2734 esset
1282 2672 1319 2734 de
1335 2681 1506 2753 praecepto.
1521 2672 1548 2730 t.
1560 2666 1610 2727 liin

400 2756 526 2831 citatis,
550 2757 621 2834 quio
649 2757 762 2823 cartem
791 2757 830 2818 ocl
862 2756 1003 2817 ootnnto·
1044 2755 1157 2832 Hugoa
1172 2775 1198 2818 s.
1214 2754 1347 2831 Victore,
1363 2759 1455 2828 Dein,
1471 2749 1611 2826 scribilit-

402 2848 457 2903 tent
479 2849 608 2919 spectat,
635 2849 662 2902 et
686 2850 727 2903 est
754 2856 849 2902 amor.
881 2840 1003 2901 Conana
1042 2842 1123 2903 circa
1135 2850 1258 2920 propter
1267 2843 1396 2920 eeipnim
1409 2840 1567 2921 otitiqenans
1576 2838 1611 2903 44

401 2925 552 3001 secondo,
576 2927 672 2988 Denm
691 2927 747 2988 444
775 2926 894 2987 ratione
918 2942 1004 2984 sitne·
1043 2925 1115 3003 qnia
1134 2926 1196 3003 ique
1209 2935 1249 2985 en
1268 2927 1378 2988 444444
1401 2935 1566 2987 4444444...
1584 2918 1612 2978 n·

402 3009 445 3071 ent
461 3011 531 3072 4444
544 3019 704 3089 pruolense
720 3009 944 3082 omooitiecese
958 3008 1008 3069 oo·
1045 3009 1109 3070 lam
1125 3010 1292 3089 olitiqiinns,
1312 3019 1348 3071 nt
1365 3010 1405 3070 ait
1432 3013 1523 3089 ipsein
1539 3002 1613 3066 oenia-
1653 3004 1654 3061 i

404 3093 512 3155 lectum
530 3094 730 3155 caritatis...
749 3093 841 3156 Ratio
858 3101 911 3168 eet,
935 3093 1006 3171 quin
1047 3111 1125 3168 min,
1144 3103 1171 3155 et
1187 3095 1218 3154 in
1237 3095 1299 3172 ineo
1322 3095 1539 3173 quiniones...
1560 3082 1614 3161 onst
1653 3064 1654 3113 ¹

404 3177 440 3237 in
462 3177 515 3237 tino
529 3177 629 3256 differt
650 3178 805 3238 cartonen
825 3178 863 3239 ol>
881 3178 963 3238 oncioi
978 3193 1009 3236 a·
1046 3186 1088 3240 est
1112 3180 1207 3242 [44444
1224 3179 1350 3258 aitiqere
1362 3189 1484 3258 propter
1496 3168 1614 3252 ceipennl

406 3259 448 3322 lio
462 3258 617 3322 dilectione
636 3261 703 3321 loni
722 3259 828 3331 creoti,
848 3268 873 3319 et
892 3277 910 3320 o
931 3259 1009 3321 44444-
1048 3263 1116 3325 Ideo
1135 3263 1272 3341 utiliqerc,
1299 3270 1331 3323 nt
1346 3263 1455 3325 latente
1476 3262 1560 3341 ipson
1572 3253 1613 3328 lli·

406 3343 502 3405 ctione
519 3343 612 3422 ipsine
625 3344 692 3419 Dei,
718 3360 793 3421 qnae
809 3351 849 3404 eet
864 3345 1009 3423 44444ρί-
1052 3345 1087 3406 lit
1102 3348 1191 3427 paula
1211 3355 1295 3427 post:
1323 3347 1380 3409 Sea
1400 3348 1483 3426 seinte
1498 3353 1614 3428 44444·

406 3426 535 3489 scentioe
551 3427 596 3489 uel
624 3428 705 3507 enci:
726 3445 798 3489 444
816 3427 885 3490 laec
907 3428 1010 3509 oliliqit
1050 3431 1117 3492 rino
1137 3431 1209 3505 eris,
1228 3431 1256 3491 si
1270 3431 1374 3511 diliqis
1393 3432 1527 3492 Detinet
1549 3433 1616 3512 4444

407 3511 502 3576 Deum
521 3520 554 3573 nt
568 3530 718 3573 ciimnnem
748 3512 855 3573 44444
879 3511 1011 3592 diliqen·
1050 3514 1090 3589 ei,
1102 3524 1133 3575 nt
1147 3516 1312 3591 44444444
1328 3517 1364 3578 nt
1379 3516 1430 3576 illa
1445 3511 1570 3592 occipias.
1581 3505 1616 3595 ⁰13

408 3595 461 3667 tis;
475 3596 586 3658 coritae
604 3606 705 3659 autem
721 3596 822 3678 oliliqit
837 3597 1013 3678 04444444-
1050 3607 1124 3661 enm
1140 3600 1194 3661 ltoc
1209 3599 1294 3662 444444
1305 3600 1440 3677 quietam,
1457 3608 1484 3660 et
1495 3589 1616 3679 tamenta

404 3688 474 3762 pter
487 3699 518 3742 se
532 3681 593 3760 (3).
1052 3691 1085 3744 nt
1102 3701 1133 3744 ee
1148 3685 1226 3761 iqnoe
1242 3701 1302 3745 non
1318 3684 1522 3762 intelliqant...
1535 3675 1616 3751 444444·

390 3783 393 3789 ’
451 3764 504 3826 45.
525 3763 619 3842 igitur
636 3763 674 3825 de
689 3762 857 3825 divinorum
875 3763 1014 3845 eloquio·
1052 3784 1130 3842 nene,
1143 3767 1299 3845 incontinent,
1312 3769 1419 3846 44444,
1430 3768 1616 3848 monument·

409 3867 491 3924 rum,
504 3847 541 3910 de
554 3858 671 3930 patrum
684 3849 944 3930 conciliorumque
962 3849 1015 3910 do·
1053 3851 1150 3912 rinno
1167 3853 1277 3930 insum.
1298 3851 1359 3913 Hoc
1375 3863 1416 3914 est
1434 3853 1546 3913 anne.-
1560 3841 1615 3906 otti-

410 3933 507 3993 ctrina
526 3932 582 3993 hec
601 3950 692 4012 super
709 3951 754 4008 re,
777 3952 831 3994 neo
851 3952 909 3994 noo
929 3943 1013 3995 cate·
1052 3937 1150 4014 qimns
1173 3936 1281 4015 ipsam,
1300 3938 1351 3998 secl
1367 3954 1427 3997 non
1451 3922 1617 3998 cnraninlt

413 4013 609 4091 chismorum,
623 4016 871 4078 scholasticorum
886 4017 1015 4079 aotlieo·
1054 4020 1127 4098 iqua.
1145 4020 1211 4100 qu
1238 4017 1383 4082 loieeo‘sic
1403 4019 1492 4100 oliliql
1507 4013 1617 4078 4444444

412 4099 549 4174 togarum
568 4098 680 4175 aniutgt
696 4100 778 4162 nullo
797 4100 886 4162 inodo
902 4111 1012 4183 polest.

403 4263 404 4267 ¹
1054 4222 1082 4276 4,
1095 4225 1121 4268 et
1142 4219 1177 4268 De
1188 4224 1329 4282 concordio,
1340 4174 1368 4288 4.
1381 4222 1408 4281 5,
1420 4235 1479 4287 cop.
1490 4224 1514 4268 4.
1528 4205 1618 4264 otntn·

447 4277 532 4347 (0¹¹²
550 4283 578 4342 ²>
605 4295 630 4348 ι4·
653 4283 698 4340 ⁸⁵2
716 4289 765 4334 lll-
783 4283 809 4332 9·
834 4279 872 4333 Cf.
904 4283 931 4332 in
949 4284 1015 4336 linae
1055 4286 1141 4338 nain
1159 4286 1208 4336 144.
1227 4290 1273 4338 uit.
1389 4326 1392 4330 Δ

413 4347 493 4414 ipsum
519 4355 584 4399 ocot.
610 4347 768 4398 ltoniiniemn
793 4351 899 4414 Segne-t
924 4349 1015 4402 444444
1091 4358 1131 4421 (5)
1148 4352 1377 4406 tinnuerunt.
1397 4362 1461 4405 sect.
1479 4345 1618 4418 zubiqtttf·

413 4417 565 4476 delt'onimo,
577 4415 675 4466 octobr.
690 4414 732 4466 dio
752 4420 786 4467 40
804 4417 834 4466 ud
849 4421 1015 4486 petitionem:
1056 4421 1099 4484 eit,
1116 4430 1160 4470 iuti
1172 4440 1218 4484 444
1231 4428 1327 4474 ratione
1343 4425 1445 4486 {arnoli
1458 4421 1518 4473 Deua
1532 4417 1561 4464 ul
1573 4409 1618 4457 ⁰⁶¹⁰·

413 4485 581 4545 Sanctificetur
597 4499 682 4535 nomen
700 4491 778 4536 lesuin.
1054 4495 1118 4539 ctum
1129 4495 1250 4541 caritatis.

448 4553 486 4618 (ὲ)
499 4555 525 4602 5.
542 4552 638 4604 Bestiae.
655 4555 679 4603 in
693 4555 720 4602 5.
735 4552 767 4603 l).
788 4555 830 4612 47,
842 4562 890 4606 net.
908 4559 917 4604 4
933 4554 964 4605 ao
979 4560 1016 4618 4,
1089 4559 1175 4622 (4414,
1194 4567 1221 4617 t,
1231 4575 1259 4624 q.
1270 4561 1314 4620 eo,
1332 4566 1381 4608 aet.
1397 4561 1428 4607 t3
1440 4553 1470 4606 etl
1483 4557 1507 4607 5.

415 4633 515 4688 orgum.
533 4637 555 4671 e.
570 4621 684 4672 Atusolmi
698 4620 733 4673 tte
745 4637 803 4673 cusu
826 4621 939 4688 ltialiali,
957 4642 1015 4694 coqu.
1091 4629 1129 4695 (5)
1143 4627 1179 4678 tte
1193 4643 1301 4678 enerues.
1320 4626 1366 4678 lib.
1379 4631 1406 4690 2,
1419 4633 1483 4695 port.
1495 4622 1533 4679 ¹³2
1547 4628 1567 4664 θ·
1576 4609 1596 4658 ⁶·
