3700 5659
796 508 891 555 uneur
914 513 945 557 v.
1391 496 1453 560 909

292 597 368 660 296.
389 593 433 659 Ad
450 595 481 657 d.
505 597 541 660 ll.
561 595 664 660 Falsas
675 597 778 660 dieunt
791 599 853 660 vir·
896 605 962 666 beot
979 604 1145 681 ceritatem,
1163 621 1226 667 non
1254 603 1380 685 efficitur
1398 613 1499 668 trone-

246 689 333 744 tutes
354 689 385 742 et
401 688 534 762 peccata,
554 699 645 762 opera
664 691 716 744 aut
732 698 853 765 perver-
895 705 1014 768 pressor
1041 688 1132 750 huius
1170 689 1338 767 praecepti,
1374 689 1428 750 etsi
1457 688 1499 751 sit

247 785 287 828 su
302 766 375 841 fine,
390 771 442 826 aut
458 783 519 826 non
536 764 637 826 debito
656 766 714 828 stne
729 776 853 847 patrata,
896 782 1100 852 tronspressor
1114 772 1280 851 praecepti,
1299 773 1375 850 quod
1395 779 1437 834 est
1463 773 1499 834 dc

251 850 314 926 C.;
335 847 452 922 ratione
471 848 569 930 operis
586 847 617 909 in
636 867 686 928 se,
706 851 809 914 subd:
826 851 856 912 in
897 864 964 917 octo
981 854 1125 931 coritutis,
1153 863 1277 934 propter
1294 872 1382 933 ortum
1396 864 1499 916 truns-

252 932 362 995 urdine
378 930 521 999 advitam
538 939 709 1010 aeternam,
731 935 780 1012 G.;
802 934 858 996 ab·
897 939 1078 1020 pressionem
1095 947 1229 1000 meretur
1251 955 1388 1017 poenum.
1407 937 1497 1014 Ergo.

250 1017 368 1092 solute,
388 1015 428 1077 N.
446 1013 559 1097 Nempe
577 1035 602 1076 s.
623 1015 809 1094 Augustinus
828 1017 858 1078 iu
941 1021 1015 1083 298.
1036 1020 1125 1102 Resp.
1139 1022 1178 1083 N.
1197 1021 1237 1084 Α.
1254 1020 1292 1082 ad
1308 1022 1337 1082 t.
1352 1019 1437 1102 prob.
1458 1019 1497 1084 l).

252 1101 319 1161 loc.
337 1099 388 1160 cit.
406 1107 510 1160 contra
524 1099 672 1160 lulianum
690 1100 814 1162 minime
829 1121 860 1162 a·
900 1104 1002 1179 docet,
1023 1104 1088 1165 siue
1104 1103 1227 1166 caritate
1242 1104 1355 1166 nullam
1376 1122 1502 1166 essere·

252 1183 355 1262 gilde
378 1181 520 1262 operibus
543 1181 605 1244 sive
623 1201 691 1244 eum
711 1183 772 1246 sive
795 1184 860 1246 sine
899 1207 963 1250 ram
990 1188 1130 1249 virtutem
1160 1187 1437 1268 supernaturalem,
1466 1205 1501 1248 ac

254 1267 383 1328 caritate
401 1265 537 1346 patratis,
554 1266 607 1327 sed
618 1274 697 1328 totus
712 1266 742 1328 in
753 1286 789 1329 eo
801 1277 857 1346 est,
901 1270 1084 1332 meritoriam
1101 1269 1178 1332 ritae
1197 1279 1347 1347 aeternae,
1366 1271 1415 1348 G.;
1430 1270 1501 1333 uul-

255 1359 292 1411 ut
306 1349 541 1430 evincat‚.opera
552 1367 586 1410 ex
598 1350 657 1412 stne
671 1351 858 1431 potissimum
900 1355 960 1416 lam
975 1354 1114 1415 virtutem
1131 1354 1287 1430 moralem,
1302 1355 1340 1417 N.
1356 1352 1429 1415 Nam
1445 1352 1502 1414 ibi-

255 1452 346 1496 suam
366 1433 552 1494 honestatem
571 1433 707 1516 adipisci,
724 1434 775 1514 qui
793 1435 860 1496 sinis
900 1439 968 1500 dem
999 1436 1154 1513 distinguit
1179 1456 1205 1497 s.
1236 1437 1365 1498 Thomas
1395 1437 1502 1518 duplex

256 1517 342 1580 Deus
360 1524 416 1594 est,
433 1515 495 1578 sire
508 1525 541 1578 ut
552 1526 656 1579 auctor
667 1525 712 1578 est
723 1527 858 1595 naturae,
902 1521 1026 1597 bonum,
1047 1521 1174 1582 alterum
1186 1521 1325 1581 ultimum
1343 1528 1372 1580 et
1386 1520 1504 1581 unirer-

257 1601 325 1662 sire
341 1608 375 1661 ut
391 1607 437 1660 est
451 1607 555 1661 auctor
571 1601 694 1678 gratioe,
715 1601 753 1662 ad
771 1616 860 1682 quem
901 1606 976 1681 sale,
996 1605 1123 1665 alterurn
1144 1603 1310 1684 proximum
1328 1613 1357 1664 et
1375 1602 1504 1684 particu-

260 1693 407 1763 tanquam
424 1683 514 1746 finem
530 1684 669 1745 ultimum
693 1693 763 1746 sunt
780 1685 861 1747 rese·
902 1689 977 1764 lare,
997 1705 1032 1748 ae
1049 1686 1239 1767 pronunciat,
1259 1687 1400 1748 virtutem
1419 1685 1502 1748 ordi·

259 1767 377 1844 reuda,
413 1784 500 1828 secus
524 1767 706 1828 assentiret
730 1767 863 1830 lulianus
903 1781 1003 1833 natam
1029 1769 1067 1831 ad
1093 1770 1205 1832 bonum
1229 1789 1283 1831 seu
1306 1771 1395 1831 linem
1415 1789 1504 1832 suum

261 1849 453 1926 Pelagianos.
487 1848 541 1910 Hie
573 1851 652 1912 enim
675 1852 862 1932 autumabat,
904 1853 1098 1935 proximum,
1130 1853 1156 1914 si
1186 1871 1291 1914 verum
1311 1853 1422 1915 bonum
1443 1853 1504 1930 sit,

263 1952 357 2015 opera
374 1953 409 1995 ex
427 1951 471 2010 se,
495 1933 729 2014 praescindendo
747 1955 764 1997 a
783 1935 862 2012 fine,
904 1936 1159 1999 uerarnvirtutem
1185 1954 1271 2010 esse,
1291 1936 1427 2016 quamvis
1445 1935 1505 1997 im·

264 2018 346 2078 bona
362 2035 427 2078 esse
446 2035 532 2096 posse
550 2025 580 2078 et
598 2027 681 2098 apta,
702 2018 747 2080 sin
766 2018 866 2080 minus
906 2021 1086 2102 perfectam,
1113 2017 1276 2100 perfectam
1296 2029 1395 2080 autem
1415 2037 1504 2096 esse,

263 2100 304 2162 ad
338 2119 462 2178 regnum
497 2101 662 2178 coelorum,
698 2103 802 2164 saltem
830 2101 867 2162 ad
906 2123 974 2164 cum
989 2104 1118 2163 retertur
1134 2102 1172 2163 ad
1190 2103 1279 2163 finale
1298 2111 1327 2163 et
1341 2101 1505 2182 perlectum

263 2183 355 2246 vitam
389 2191 563 2261 aeternam,
598 2203 688 2265 quam
726 2204 743 2247 a
775 2203 866 2262 regno
908 2187 1032 2248 bonum.
1048 2184 1134 2256 Quod
1148 2185 1270 2266 perinde
1285 2194 1330 2246 est
1347 2184 1507 2262 aedicere,

264 2268 421 2329 coelorum
447 2266 667 2345 distinguebat,
691 2286 868 2349 promeren-
908 2271 1041 2332 actiones
1061 2269 1154 2330 bouus
1176 2277 1206 2330 et
1223 2278 1305 2331 recto
1326 2269 1385 2331 fine
1403 2287 1508 2331 susce-

265 2351 336 2412 dam
350 2350 411 2431 (l).
440 2349 500 2411 Nec
517 2350 576 2412 alio
605 2369 695 2412 seusu
718 2370 743 2413 s.
764 2352 868 2429 Augu·
909 2363 975 2434 ptas
996 2371 1065 2414 rere
1083 2351 1178 2414 borlas
1192 2371 1259 2414 esse
1277 2352 1308 2414 iu
1328 2352 1432 2414 ordine
1454 2371 1509 2414 suo

257 2434 383 2500 etloum
403 2433 523 2514 exponit
539 2453 564 2495 s.
585 2433 727 2496 Thomas.
910 2437 1041 2498 naturali
1071 2454 1125 2497 seu
1158 2437 1287 2524 mosali,
1320 2435 1511 2517 imperfectas

312 2518 387 2580 est,
416 2517 467 2578 lli.
497 2515 564 2579 Obi.
597 2517 718 2580 Asserta
735 2517 871 2580 doctrina
909 2539 979 2582 uero
999 2521 1029 2580 in
1048 2517 1152 2581 ordine
1170 2520 1402 2600 supernaturali,
1423 2519 1448 2580 si
1464 2538 1512 2581 ca·

267 2600 429 2682 multiplici
449 2619 484 2662 ex
507 2601 603 2682 capite
634 2601 787 2663 doctrinae
814 2621 870 2664 an·
910 2606 999 2664 ritate
1015 2604 1074 2664 sint
1093 2602 1263 2679 destitutae,
1277 2622 1356 2682 quae
1372 2621 1431 2664 nou
1446 2622 1513 2684 pos·

265 2684 357 2760 getici
369 2683 499 2746 doctoris
513 2685 698 2762 adversatur,
715 2684 819 2766 quill,
838 2685 869 2763 i,
911 2695 981 2748 sunt
998 2686 1037 2748 ad
1054 2696 1206 2748 aeternam
1220 2686 1433 2748 beatitudinem
1447 2705 1514 2766 per·

261 2774 305 2848 ¹¹q.
324 2785 408 2844 xxrn,
430 2776 486 2830 art.
507 2769 536 2846 ⁵1,
565 2767 669 2846 docet,
689 2769 719 2829 l⁰
736 2769 801 2830 sine
818 2787 871 2830 ca·
912 2770 1033 2830 ducere.
1052 2770 1088 2831 llt
1106 2787 1179 2833 sane
1198 2788 1265 2829 cum
1291 2768 1322 2829 in
1345 2787 1365 2830 ιι
1384 2777 1463 2831 seut.
1479 2768 1510 2830 d.

270 2852 363 2913 ritate
380 2850 492 2912 nullam
515 2869 582 2914 esse
595 2870 694 2914 veram
709 2851 871 2931 virtutem3
913 2870 971 2930 ιιι,
1001 2861 1058 2913 art.
1078 2851 1110 2929 Ξ,
1138 2851 1196 2913 sibi
1216 2851 1390 2928 obiecisset,
1413 2852 1515 2914 omnia

271 2935 306 2996 02⁰
325 2935 427 3012 docet,
448 2934 512 2996 dari
530 2943 719 3016 praeceptum
738 2937 873 2998 releren·
913 2936 1078 2997 infidelium
1098 2953 1189 3017 opera
1204 2953 1270 2996 esse
1285 2943 1418 3015 peecata,
1443 2934 1516 3015 quia

272 3018 303 3079 di
323 3018 425 3080 omnia
442 3017 479 3080 ad
497 3017 591 3080 Deum
611 3038 646 3080 ex
665 3019 775 3080 motivo
794 3020 874 3081 cari·
914 3039 975 3081 non
995 3019 1131 3080 ordinata
1150 3019 1180 3079 in
1198 3019 1287 3081 finem
1306 3018 1459 3094 ultimum,
1471 3037 1516 3079 re-

271 3101 355 3179 tatis,
376 3109 410 3162 ut
426 3109 542 3182 quaest.
564 3104 599 3164 de
620 3104 756 3178 coritn'te,
777 3112 834 3164 art.
856 3104 875 3165 3
915 3103 1052 3184 spondet,
1074 3121 1134 3163 nou
1152 3101 1279 3180 obligari
1296 3121 1351 3164 nos
1368 3102 1406 3164 ad
1434 3101 1514 3163 rele-

271 3185 311 3246 ad
329 3185 360 3255 2,
381 3184 434 3246 ubi
453 3185 514 3246 ait:
539 3186 648 3249 Omnia
672 3195 739 3248 actu
762 3188 876 3266 referre
915 3186 1024 3248 rendas
1048 3186 1181 3248 artiones
1209 3185 1343 3262 singulas
1368 3185 1396 3246 in
1427 3185 1517 3246 tinem

270 3271 306 3330 in
327 3271 420 3332 Deum
439 3287 501 3331 non
532 3277 573 3331 est
594 3269 734 3349 possibile
757 3270 790 3331 in
822 3272 877 3334 huc
916 3271 1191 3351 supernaturalem,
1212 3269 1284 3350 quia
1299 3278 1455 3350 praecepta
1472 3268 1519 3330 ai·

272 3353 337 3414 oito
346 3375 360 3425 ;
376 3353 426 3414 sed
443 3353 519 3430 qnod
546 3353 646 3414 ornnio
669 3353 779 3414 uirtute
796 3356 875 3434 rese·
917 3354 1064 3415 firinatira
1082 3373 1142 3414 non
1161 3353 1295 3429 obligant
1320 3353 1358 3414 ad
1376 3370 1517 3432 semper,

272 3443 387 3497 rentur
411 3437 445 3498 in
470 3437 585 3513 Derim,
618 3437 670 3498 troc
687 3437 821 3515 pertinet
839 3439 878 3500 od
918 3445 1007 3518 prout
1037 3437 1176 3517 superius
1204 3435 1352 3511 vidimus3
1371 3443 1398 3497 et
1429 3437 1518 3510 ideo,

270 3519 484 3600 perfectionem
502 3520 660 3596 caritatis,
683 3522 722 3582 od
736 3537 824 3598 quom
842 3538 876 3581 o·
918 3518 1037 3597 subdit,
1058 3537 1120 3581 non
1139 3527 1270 3597 oportet,
1290 3525 1323 3578 ut
1344 3526 1426 3579 octos
1450 3518 1520 3597 infi-

274 3620 359 3665 mnes
394 3611 554 3674 tenentnr;
587 3603 618 3663 3ο
656 3602 764 3678 docet,
790 3621 877 3684 prae·
918 3603 1042 3674 dotium,
1066 3603 1117 3681 qui
1135 3602 1168 3662 in
1183 3603 1272 3680 finem
1291 3601 1380 3662 istum
1403 3608 1521 3662 nonest

275 3694 364 3766 cepta
379 3685 511 3748 caritatis
529 3693 558 3746 et
572 3685 728 3746 relationis
745 3704 811 3748 esse
831 3687 879 3747 di·
918 3686 1088 3762 ordinotrrs,
1106 3702 1219 3763 sernper
1239 3685 1278 3746 sit
1293 3692 1454 3762 precntum,
1472 3685 1523 3746 sed

274 3769 404 3844 stinctae
425 3777 455 3830 et
467 3769 538 3830 lieet
552 3769 641 3830 ambo
657 3769 737 3830 dicat
753 3771 881 3831 affirma·
918 3770 1014 3830 sotum
1034 3777 1164 3847 tempore
1181 3768 1243 3841 ttto,
1268 3767 1302 3827 in
1331 3785 1388 3846 quo
1407 3774 1523 3828 tenetur

274 3851 352 3929 tiva,
373 3860 472 3914 tamen
493 3852 551 3914 hoe
569 3853 718 3933 posterius
737 3853 775 3913 ob
794 3871 878 3914 suam
919 3861 1017 3914 actum
1042 3869 1131 3914 suom
1151 3852 1185 3912 in
1204 3851 1293 3930 finem
1315 3851 1454 3913 ultimum
1471 3866 1522 3912 re·
1577 3887 1583 3894 t

274 3934 528 3996 universalitatem
557 3934 746 4015 aequivalere
762 3936 879 4013 negati·
919 3934 1011 4013 ferre.

274 4037 324 4080 uo.
346 4017 421 4078 Hine
443 4036 510 4080 eum
530 4016 555 4094 l,
575 4019 607 4094 Ξ,
629 4037 659 4098 q.
690 4037 717 4079 c.
735 4025 793 4080 art.
815 4020 877 4097 to,
962 4017 1036 4079 299.
1052 4016 1097 4077 td
1114 4015 1146 4076 2.
1164 4017 1203 4078 D.
1222 4013 1327 4092 Docet,
1349 4013 1413 4076 dari
1432 4034 1521 4097 prae·

273 4101 419 4162 dixisset:
439 4101 475 4164 In
497 4101 550 4162 hoc
571 4109 739 4181 praecepto:
758 4103 881 4164 Honore
919 4110 1040 4181 ceptum
1072 4099 1225 4178 generale·
1241 4098 1390 4160 referendi
1419 4099 1521 4161 omnia

274 4194 402 4264 putrem,
423 4201 486 4246 non
514 4185 699 4260 includitur,
730 4187 807 4264 quod
825 4186 880 4248 bo·
919 4185 1029 4246 uirtute
1055 4182 1087 4243 iu
1111 4182 1205 4244 Deum
1226 4189 1367 4262 tanquam
1384 4181 1413 4242 in
1431 4182 1522 4243 linem

275 4277 403 4330 noretacr
424 4275 512 4346 poter
539 4287 578 4330 eor
595 4269 739 4345 caritate,
762 4269 878 4348 pergit:
920 4267 1059 4328 ultimum
1078 4284 1113 4328 ex
1136 4265 1260 4346 caritate
1289 4265 1327 4326 ad
1345 4282 1521 4346 promeren-

279 4351 341 4425 Qut
358 4351 483 4413 horreret
497 4359 631 4431 putrem,
651 4351 715 4414 iicet
736 4369 798 4414 non
824 4349 880 4414 bu·
920 4350 989 4412 dam
1007 4350 1098 4411 vitam
1118 4357 1289 4422 aeternam,
1311 4347 1366 4423 C.;
1386 4345 1522 4408 reteren-

921 4433 951 4494 di
971 4433 1073 4495 omnia
1090 4441 1170 4508 actu,
1188 4438 1218 4492 et
1234 4428 1356 4509 quidem
1372 4428 1524 4490 inordina

311 4546 351 4613 (l)
370 4547 451 4598 Pruut
469 4554 539 4614 patet
556 4562 586 4598 ex
604 4547 682 4600 totius
698 4547 881 4615 disputationis
922 4517 1040 4592 mmlir
1060 4517 1092 4578 N
1092 4561 1100 4576 ·
1117 4514 1244 4610 :famum
1265 4512 1346 4583 enim
1365 4510 1470 4606 ῑὼθξῑι
1493 4519 1526 4574 ut

275 4615 345 4666 sarta
362 4614 388 4665 tn
406 4622 459 4668 ιοιο
472 4615 516 4668 ait.
529 4615 612 4682 capite
624 4631 646 4668 ι.
659 4616 811 4684 Augustini.
922 4618 948 4661 s.
969 4599 1100 4660 Thomas
1116 4597 1147 4659 ιιι
1155 4597 1271 4673 doceat,
1283 4603 1317 4656 ut
1331 4595 1412 4657 hune
1425 4613 1523 4676 ipsum
