3700 5659
767 591 863 638 curun
880 593 910 639 r.
1361 583 1423 649 285
1526 573 1536 582 “

187 681 305 767 verit,
325 688 355 752 in
373 686 521 751 eiusmodi
547 686 728 750 testimoniis
756 706 817 748 non
859 688 909 750 15:
933 688 992 764 Oui
1008 707 1072 752 non
1086 691 1200 773 diligit,
1216 701 1316 756 manet
1334 695 1369 758 ia
1383 713 1475 767 mor-1

189 776 257 852 agi
281 774 340 836 nisi
358 772 395 834 de
413 771 581 834 inimicitiis
599 790 658 832 non
678 771 818 846 gerendis
858 781 894 834 te.
917 773 1041 846 Omnis,
1063 776 1115 853 qui
1133 779 1193 839 odit
1211 779 1338 857 fratrem
1361 797 1476 859 arrum„

193 858 317 920 solum
339 875 407 918 cum
434 855 636 916 confratribus
654 854 817 916 mosaicam
858 856 1007 920 homicida
1021 867 1078 932 est;
1095 868 1123 921 et
1140 861 1233 936 scitis,
1258 863 1400 939 qnoniam
1424 882 1472 926 o-¹

189 940 313 1017 tegam
335 939 556 1022 profitentibus,
576 957 637 999 non
662 947 762 1000 autem
781 938 818 1000 de
857 941 938 1000 mnis
956 942 1105 1014 homicida
1119 961 1180 1005 non
1195 946 1280 1007 babet
1301 946 1394 1008 eitam
1411 965 1465 1009 ae·

194 1024 326 1086 ceteris
344 1024 507 1086 universim
520 1021 581 1102 (t),
600 1029 815 1103 praestosum,
859 1031 978 1085 ternam
997 1025 1031 1086 in
1051 1027 1203 1105 semetipso
1232 1038 1415 1102 manenteuu
1432 1038 1463 1092 et

194 1127 297 1186 quae
313 1108 462 1171 habentur
480 1104 560 1186 apud
580 1104 631 1166 iob
661 1123 737 1179 ιιιι,
763 1105 816 1182 29,
858 1105 931 1166 alibi
950 1107 1074 1187 passim.
1094 1107 1177 1170 Hanc
1196 1110 1320 1172 eandem
1345 1129 1416 1189 erga
1434 1112 1467 1174 i·

195 1191 265 1253 30:
291 1191 325 1254 Si
341 1191 462 1271 paramus
479 1189 816 1265 sumadruinamelua,
858 1189 986 1250 nimicos
1015 1190 1206 1254 dilectionem
1232 1193 1364 1256 inculcat
1388 1215 1457 1277 apo-

195 1275 265 1352 qui
287 1292 333 1336 me
349 1276 464 1348 oderat,
479 1282 505 1335 et
523 1273 669 1349 enullaoi,
685 1273 819 1350 guodin-
857 1273 955 1334 stotas
972 1272 1096 1351 Paulus,
1117 1285 1150 1336 ut
1164 1275 1254 1338 Rom.
1278 1295 1339 1353 ιιιι,
1361 1279 1392 1354 8,
1410 1281 1464 1341 13:

194 1359 340 1420 uenisset
357 1375 425 1420 eum
441 1357 565 1418 malum.
580 1356 738 1418 Noneuim
752 1357 819 1418 dedi
858 1357 979 1419 Nemini
997 1358 1150 1436 quidpiam
1178 1363 1316 1436 debeatis,
1349 1363 1411 1424 aciei
1426 1373 1464 1427 ut

197 1443 248 1503 ad
266 1443 452 1521 peccandum
465 1448 570 1519 puttur
584 1455 693 1514 nterim,
714 1447 747 1501 ut
767 1457 819 1501 eo·
858 1439 985 1524 invicem
1017 1442 1168 1521 diligatis;
1186 1445 1238 1523 poti
1258 1445 1340 1506 enim
1362 1447 1464 1526 dttiptt

193 1535 342 1604 peterem
372 1525 549 1587 maledicens
575 1523 711 1586 animam
740 1522 816 1584 elus.
855 1524 1052 1600 proximum,
1077 1526 1168 1606 legem
1183 1528 1315 1606 impleuit
1331 1573 1338 1588 .
1356 1575 1363 1590 .
1380 1575 1387 1590 .
1405 1532 1465 1592 lli·

200 1608 311 1670 Porro
329 1605 382 1669 Iob
412 1608 486 1669 haec
519 1606 555 1668 de
587 1624 619 1666 se
654 1605 818 1686 profiteba-
858 1606 941 1668 lectio
957 1607 1216 1685 proeirnimalurn
1234 1622 1463 1691 monoperatur.
1520 1634 1526 1640 ·

200 1699 264 1754 tur
294 1690 334 1754 ad
365 1709 500 1752 normam
542 1689 687 1751 naturalis
720 1689 817 1766 legis,
858 1690 1017 1752 Plenitudo
1048 1709 1120 1771 erpo
1159 1695 1232 1775 lepis
1267 1703 1309 1756 est
1334 1698 1463 1760 dilectio.

201 1794 223 1837 a
240 1794 309 1856 qua
324 1774 458 1856 proiecto
474 1792 534 1836 non
553 1770 743 1853 discrepabat
772 1773 819 1834 lex
859 1770 942 1842 Quae
961 1774 1031 1835 licet
1044 1774 1081 1836 de
1097 1777 1222 1839 caritate
1238 1780 1402 1855 generatim
1422 1781 1467 1842 di·
1518 1765 1531 1786 '

204 1859 406 1940 scriptuli).
656 1910 660 1916 .
859 1865 907 1918 cta
925 1857 996 1932 sint,
1017 1858 1150 1938 proiecto
1162 1860 1355 1923 inimicorum
1375 1863 1466 1927 etiam

255 1943 334 2004 37⁹2.
347 1940 405 2004 Sed
415 1938 819 2022 luculentissimasuntqaae
860 1939 1051 2001 dilectionem
1075 1941 1244 2005 includunt.
1267 1945 1303 2006 Et
1317 1945 1361 2006 sic
1382 1946 1413 2005 in
1429 1967 1466 2008 o-

204 2026 273 2087 huc
293 2026 331 2087 de
349 2045 381 2087 re
396 2024 427 2086 in
442 2025 506 2100 iege
519 2023 689 2099 evangelica
703 2023 819 2086 haben·
861 2023 982 2084 mnibus
1002 2023 1138 2104 epistolis
1157 2027 1220 2087 suis
1237 2026 1268 2087 id
1294 2028 1394 2107 ipsum
1414 2049 1465 2092 re-

205 2117 278 2170 tur.
297 2108 435 2172 Christus
452 2106 531 2169 enim
550 2105 651 2168 Mattb.
665 2123 696 2182 v,
718 2107 770 2183 ll,
791 2115 821 2168 et
861 2106 952 2187 petit,
972 2106 1047 2186 quin
1074 2127 1197 2171 caecasse
1222 2109 1261 2171 sit
1290 2111 1467 2186 singillatim

204 2191 290 2254 Luc.
303 2210 345 2269 vt,
365 2192 417 2254 bi:
439 2191 571 2269 Diligite,
589 2189 697 2269 inquit,
717 2191 821 2252 intimi·
861 2191 952 2251 verba
967 2191 1033 2250 eius
1049 2192 1168 2254 afferre.
1184 2191 1261 2254 Vere
1276 2193 1334 2254 dici
1353 2206 1465 2276 potest,

206 2294 262 2338 eos
285 2285 411 2349 vestros,
442 2274 601 2354 benefacite
618 2274 664 2335 ln's
683 2274 735 2352 qai
755 2275 821 2335 ode-
861 2273 937 2334 hane
952 2273 1044 2334 aelati
1061 2282 1204 2337 tesseram
1220 2295 1287 2338 esse
1305 2282 1467 2356 evangeli·

208 2369 292 2422 runt
307 2377 369 2422 eos.
386 2356 468 2428 Quae
482 2357 572 2419 verba
585 2356 644 2418 vim
657 2356 819 2437 praecepti,
860 2375 913 2418 cae
929 2356 1013 2434 begis.
1038 2355 1160 2420 Constat
1173 2359 1275 2436 igitur,
1292 2364 1374 2440 quod
1394 2384 1469 2444 pro-

210 2461 324 2505 omnes
343 2460 466 2524 prorsus
478 2439 690 2518 adstringentis
703 2458 773 2521 prae
788 2459 820 2502 se
862 2440 1030 2520 posuimus,
1060 2448 1122 2503 tum
1146 2443 1212 2521 iege
1237 2447 1378 2524 naturali,
1403 2458 1468 2511 tum

210 2527 297 2588 serre
317 2527 456 2588 evincunt
475 2543 553 2605 quae
571 2523 743 2586 immediate
769 2542 820 2586 se·
862 2525 927 2599 lege
956 2523 1055 2585 divina
1074 2526 1201 2607 positiva
1232 2527 1372 2592 inimicos
1398 2533 1469 2595 diii·

211 2619 357 2691 quantur
372 2607 451 2690 apud
465 2626 491 2669 s.
512 2607 711 2669 Matthaeum:
732 2607 767 2670 llt
781 2608 823 2669 si-
860 2606 975 2683 gendos
993 2626 1071 2668 esse.

211 2695 255 2756 tis
271 2694 331 2774 filii
348 2693 450 2755 Patris
468 2691 577 2766 stertei,
598 2691 650 2770 gni
676 2691 709 2752 in
736 2692 821 2753 coelis
905 2691 979 2750 eta.
1001 2688 1112 2751 Verum
1133 2692 1309 2772 priusquam
1337 2697 1375 2758 ad
1393 2697 1469 2760 diffi-

212 2787 272 2853 est,
298 2795 353 2838 seu
373 2787 405 2838 ut
419 2783 630 2856 computemur
647 2773 725 2835 inter
743 2773 821 2835 filios
862 2773 990 2834 cultates
1006 2773 1177 2836 enodandas
1189 2777 1380 2853 accedamus,
1395 2799 1469 2841 non·
1501 2811 1505 2818 ·

211 2860 286 2936 Ilei,
309 2879 415 2940 nempe
429 2859 537 2935 iustos,
554 2857 688 2938 alioquin
703 2857 742 2918 ab
756 2856 821 2937 ipso
862 2856 946 2916 nulla
962 2865 1174 2935 praenotemus
1206 2878 1330 2921 necesse
1357 2871 1403 2923 est
1432 2864 1468 2924 ad

212 2942 387 3006 reiiciendi.
408 2942 488 3004 Haec
506 2942 721 3003 confirmantur
735 2959 770 3001 ex
784 2940 821 3002 iis
862 2937 1038 3000 ulteriorem
1057 2939 1205 3002 dictorum
1219 2942 1467 3007 declarationem.

213 3047 300 3108 quae
319 3026 396 3088 idem
425 3025 561 3088 Christus
579 3023 688 3086 adiecit
716 3022 819 3085 Mattb.
905 3022 979 3084 375.
999 3020 1032 3082 In
1050 3023 1155 3102 primis
1174 3043 1243 3086 vero
1260 3027 1360 3105 quoad
1388 3028 1474 3089 obii-

212 3128 261 3188 ιι,
284 3110 336 3186 tt,
358 3110 408 3170 15:
427 3109 462 3172 Si
473 3109 553 3170 enim
571 3107 748 3170 dimiseritis
771 3108 822 3169 bo·
863 3105 1016 3182 gationem
1029 3105 1200 3168 dilectionis
1212 3108 1418 3189 inimicorum,
1437 3113 1469 3172 to

214 3194 354 3256 minibus
372 3200 491 3272 peecata
508 3209 634 3267 eorum,
655 3191 778 3253 dimittet
793 3199 821 3252 et
862 3207 897 3248 ex
915 3197 1075 3270 praecepto
1109 3199 1247 3252 tenemur
1278 3211 1398 3274 semper
1428 3195 1467 3257 ad

213 3278 302 3340 eolis
320 3278 411 3338 Pater
433 3285 530 3338 uester
561 3275 688 3337 eoelestis
715 3274 822 3336 delicta
862 3271 1015 3334 interioris
1032 3273 1093 3334 odii
1119 3273 1360 3355 depositionem,
1383 3286 1413 3340 et
1431 3279 1470 3342 ed

213 3369 330 3423 uestra:
347 3359 373 3420 u·
390 3367 489 3420 autern
503 3377 564 3420 non
577 3358 751 3420 dimiseritis
766 3358 821 3418 bo·
863 3364 1004 3436 acceptae
1023 3355 1152 3419 iniuriae
1171 3359 1400 3439 remissionem;
1436 3363 1469 3423 2⁰

214 3445 363 3519 minibus,
387 3459 439 3504 nee
456 3443 546 3504 Pater
574 3450 670 3502 vester
694 3441 822 3503 dimittet
863 3447 1001 3500 tenemur
1018 3439 1141 3519 insuper
1165 3442 1203 3502 ad
1231 3443 1362 3522 aliquam
1382 3453 1468 3506 exte-

214 3528 300 3590 oobis
314 3535 432 3606 peceato
447 3534 557 3587 oestro.
579 3524 752 3603 Eademque
772 3523 821 3584 in·
862 3521 973 3583 riorem
1001 3521 1128 3601 depositi
1155 3523 1215 3586 odii
1244 3526 1472 3596 manifestatio-2

214 3609 353 3689 geminat
370 3607 471 3670 blattb.
498 3625 581 3683 xvm,
606 3608 658 3684 35,
683 3616 713 3668 et
730 3603 819 3668 Marc.
862 3622 931 3665 nem
951 3604 1062 3665 inillis
1086 3607 1261 3685 praesertim
1281 3626 1382 3669 rerum
1416 3610 1469 3671 ad·

216 3712 260 3771 xr,
287 3693 340 3754 lb.
689 3765 697 3776 υ
863 3686 985 3764 iunctis,
1007 3686 1039 3748 in
1061 3687 1184 3767 quibus,
1203 3689 1262 3750 nisi
1279 3689 1311 3750 id
1342 3692 1404 3769 bat,
1436 3683 1472 3754 o·‘

262 3777 336 3838 373.
364 3773 397 3837 Id
415 3775 513 3857 ipsum
536 3773 645 3850 iugiter
670 3773 823 3836 inculcant
863 3770 958 3832 riatur
976 3770 1148 3832 scandalum
1174 3780 1205 3833 et
1223 3791 1299 3835 nora
1328 3767 1472 3852 offensa}

218 3858 331 3923 Christi
352 3858 491 3940 discipuli
513 3856 536 3918 Ι.
558 3857 601 3919 lo.
622 3876 659 3932 ιι,
683 3859 733 3924 ll:
766 3858 824 3932 Qut
865 3863 896 3915 ut
916 3874 983 3916 cum
997 3854 1112 3916 reniam
1127 3855 1211 3934 petit,
1231 3856 1284 3936 qui
1302 3855 1405 3918 intulit
1416 3859 1466 3920 in-

217 3946 283 4020 odit
296 3945 426 4024 fratrem
444 3960 549 4014 suum,
569 3941 745 4004 intenebris
765 3950 820 4018 est,
863 3937 984 4000 iuriam.
1018 3939 1050 3999 3ο
1067 3935 1171 4008 Quoad
1189 3939 1400 4002 remissionem
1420 3960 1468 4004 sa·

218 4035 245 4088 et
266 4028 301 4088 ia
322 4027 451 4089 tenebris
469 4025 611 4102 ambulat,
625 4033 654 4088 et
665 4026 755 4088 nescit
767 4043 823 4104 quo
864 4020 1053 4098 iniectionis,
1075 4020 1130 4082 etsi
1149 4039 1268 4103 semper
1281 4042 1318 4085 ea
1335 4041 1370 4084 en
1382 4043 1468 4105 prae·

217 4119 265 4172 eat
275 4129 283 4170 :
302 4111 373 4190 pitia
392 4111 531 4172 tenebrae
547 4111 778 4172 obcaecaverunt
793 4126 823 4170 a
863 4113 949 4185 cepto
966 4123 1026 4165 non
1044 4103 1095 4179 sit,
1113 4122 1182 4166 cum
1207 4107 1297 4169 liceat
1326 4117 1467 4189 expetere

219 4191 568 4267 catecumenorum
590 4190 665 4252 ibid.
686 4209 737 4268 m,
760 4191 819 4269 rt,
862 4188 1083 4270 reparationem
1103 4186 1204 4250 damni
1227 4198 1290 4252 tum
1321 4189 1352 4252 in
1379 4191 1467 4254 bonis

217 4373 422 4425 calefaciendum
440 4370 555 4424 adhibet.
579 4371 631 4424 Alii
648 4372 698 4423 alia
724 4371 821 4422 ratione
861 4386 950 4422 omnes
961 4371 1087 4423 eiusmodi
1098 4372 1282 4438 expositionem
1300 4370 1433 4421 reiiciunt.

217 4449 363 4508 exponunt,
387 4440 430 4492 sed
450 4441 475 4490 in
495 4438 519 4490 id
539 4455 626 4490 ornnes
642 4440 820 4501 coniventium,
895 4438 934 4505 (2)
952 4436 1000 4489 Ubi
1023 4439 1058 4489 ci.
1071 4439 1109 4489 lo.
1127 4440 1159 4489 dc
1172 4437 1268 4488 Pineda
1287 4439 1313 4486 in
1325 4438 1379 4487 siais
1391 4453 1461 4488 com-

217 4508 359 4574 significari
377 4506 461 4558 cordia
473 4507 654 4558 emollitionem
666 4523 713 4575 per
725 4521 821 4573 conge·
862 4515 942 4557 inerit.
957 4506 983 4555 iu
998 4505 1057 4568 lob,
1081 4521 1108 4556 r.
1122 4509 1148 4565 2,
1163 4503 1206 4554 aba
1225 4520 1284 4554 euru
1297 4520 1317 4553 s.
1337 4504 1462 4570 Gregorio

216 4576 281 4626 riom
300 4574 494 4626 beneficiorum.
861 4571 899 4622 Μ.
915 4571 1044 4634 ostendit,
1068 4572 1153 4622 minim
1171 4587 1224 4620 casa
1246 4569 1355 4636 diligero
1373 4571 1463 4621 iairni·

251 4643 291 4711 (t)
310 4641 387 4693 Proui
402 4640 562 4694 bioidonatus
580 4639 606 4690 in
628 4655 687 4706 cap.
708 4644 735 4700 b,
753 4643 819 4690 ubl
861 4656 913 4699 eos,
938 4655 1015 4706 quam
1033 4655 1085 4690 non
1109 4638 1196 4689 lactari
1220 4636 1252 4688 de
1274 4653 1364 4690 corum
1381 4638 1467 4689 inior·

214 4705 325 4778 Ernag.
344 4708 434 4760 minin.
453 4707 567 4776 exponit.
590 4705 685 4759 Verum
705 4707 820 4776 plerique
861 4705 947 4756 tabiis.
1346 4722 1349 4726 ·
