3700 5659
785 487 934 533 corurrr.
1402 482 1442 542 85

214 582 316 645 litem
338 583 415 644 banc
433 579 586 655 dirimere,
603 599 680 660 quae
697 588 840 660 patronos
882 601 938 643 nus
957 590 1002 643 est
1020 583 1167 647 mediator
1184 595 1213 648 et
1239 587 1410 670 redemptor
1424 593 1484 652 nli-

213 664 841 746 suoshabetiuutramquepartem,iux·
881 665 950 745 quis
965 665 1003 728 ad
1022 667 1158 731 homines
1191 671 1370 748 salvandos,
1395 675 1482 750 igno-

216 763 258 812 ta
279 749 473 825 methodum,
491 767 581 828 quam
602 747 692 809 nobis
708 747 839 829 praesti·
880 749 975 810 cando
994 749 1091 812 adhuc
1113 753 1234 816 modom
1253 756 1480 838 redemptionis,

216 837 375 912 suimus,
408 832 634 896 recensebimus
662 830 840 913 praecipuos
880 842 910 895 et
927 853 965 894 an
980 835 1150 917 redemptor
1168 839 1208 900 sit
1223 841 1313 901 homo
1330 839 1419 917 Deus,
1434 861 1484 903 es·

214 929 377 982 auctores
407 915 647 996 uniuscuiusque
668 915 840 978 'sententiae
880 917 1012 997 plicitarn
1033 919 1063 980 in
1083 939 1157 982 noro
1177 921 1368 986 Testamento
1380 944 1484 988 neces-

215 1015 257 1064 et
268 1004 411 1066 diversos
418 1000 540 1079 gradus,
550 1018 626 1080 quos
640 999 838 1077 distinguere
880 1000 991 1063 sariam
1008 1021 1073 1064 esse
1089 1004 1126 1065 ad
1144 1007 1283 1085 salutem,
1304 1017 1422 1088 praeter
1437 1029 1484 1072 re·

215 1087 345 1149 deinde
363 1084 524 1168 praecipua
548 1083 661 1165 pariter
681 1085 841 1145 afferemus
881 1085 1012 1148 censitos
1028 1097 1165 1151 auctores
1176 1089 1480 1155 adstruxeruntblen.

217 1179 434 1249 argumenta,
464 1167 576 1250 quibus
610 1167 841 1249 adstipulatores
882 1169 1010 1248 tilensis,
1028 1171 1168 1235 Albertus
1183 1173 1241 1252 ll.,
1262 1173 1479 1254 Bonarenturn,

218 1255 412 1317 alterutrius
443 1252 610 1314 sententiae
646 1251 839 1327 innituntur3
881 1249 999 1332 Scotus,
1023 1255 1179 1335 Benacus,
1211 1257 1387 1338 Sirnonnet,
1414 1259 1481 1322 Sal-

221 1341 360 1401 demum
371 1337 517 1400 iudicium
536 1336 724 1416 proderemus
738 1354 843 1397 recen·
881 1337 1104 1418 manticenses,
1126 1342 1259 1423 aliique,
1288 1344 1339 1424 qui
1361 1345 1485 1426 insuper

221 1425 348 1485 tiorum
368 1430 524 1484 auctorum
539 1419 619 1480 circa
631 1419 775 1482 maiorem
790 1428 842 1481 aut
882 1429 1043 1484 tenuerunt
1058 1467 1060 1472 ι
1078 1427 1276 1488 necessariam
1314 1429 1481 1508 explicitam

222 1509 386 1570 arrinorem
418 1503 660 1586 probabilitatem
692 1503 840 1564 eiusmodi
881 1504 969 1566 fidem
998 1507 1028 1568 io
1057 1507 1239 1572 divinitatem
1259 1522 1288 1574 et
1310 1513 1483 1574 humanita-

221 1592 436 1672 placitorum,
453 1587 601 1649 distinctis
615 1587 821 1669 paragraphis.
883 1599 941 1650 tem
961 1588 1069 1652 Christi
1090 1602 1180 1674 atque
1209 1595 1247 1656 ab
1280 1595 1345 1676 ipso
1363 1597 1483 1658 redem-

880 1672 1012 1753 ptionem
1024 1676 1131 1738 lactem
1145 1696 1198 1758 per
1209 1679 1392 1760 passionem,
1406 1699 1484 1742 mor-

511 1737 569 1818 51.
881 1764 941 1819 tem
971 1767 1000 1820 et
1024 1762 1273 1825 resurrectionem
1293 1783 1391 1826 suam.
1425 1765 1484 1826 Alii

221 1855 399 1910 nocerentur
415 1858 543 1916 auctores,
568 1857 611 1916 qur
636 1855 675 1904 ret
699 1857 840 1915 cormunt,
880 1839 1000 1904 demum
1021 1844 1259 1924 contenderunt,
1285 1849 1410 1909 eandem
1431 1868 1483 1909 ex-

265 1929 460 1989 retemperant
477 1926 640 2003 necessrium
652 1923 788 2004 theotocon
810 1925 840 1983 p·
880 1925 1011 2004 plicitam
1029 1926 1116 1989 fidem
1137 1947 1216 1991 nunc
1240 1931 1360 2011 quidem
1377 1950 1483 1993 neces-

264 1999 306 2044 Μ
325 1997 455 2057 emturum
470 1994 651 2072 ¹.⁹‘“⁰‘¹⁸⁶‘⁰'¹‘”¹
670 1995 838 2058 ”mmmm
879 2009 989 2072 sariam
1006 2012 1145 2073 omnibus
1160 2032 1226 2076 esse
1240 2014 1277 2075 ad
1296 2015 1422 2077 salutem
1436 2035 1482 2076 as·

263 2065 416 2154 “mmm
430 2060 595 2108 ⁰⁶‘¹’'⁰'¹d⁰m'
880 2095 1083 2174 sequendam,
1119 2115 1178 2157 non
1198 2105 1297 2160 autem
1317 2099 1353 2159 ad
1371 2099 1482 2160 iustiti·

274 2182 352 2244 345.
384 2179 457 2245 Cum
491 2182 591 2262 plnres
619 2180 839 2243 controuersiae
879 2177 1040 2258 nationem,
1059 2180 1388 2260 utiCanus‚Ledesma,
1408 2181 1482 2245 Ben-

226 2286 268 2326 ex
300 2267 421 2329 delectu
439 2265 698 2328 determinationis
713 2282 839 2326 accura-
880 2279 944 2338 nez,
965 2265 1163 2346 nonnullique
1183 2266 1235 2328 alii
1248 2267 1311 2347 (l).

228 2362 279 2412 tue
295 2351 495 2412 terminorum
516 2349 587 2410 oriri
606 2350 733 2425 soleant,
754 2367 841 2430 prae·
923 2347 996 2409 3tt.
1018 2348 1093 2412 lstos
1111 2350 1202 2427 igitur
1222 2369 1339 2428 omnes,
1359 2370 1418 2413 non
1430 2351 1480 2415 ob·

227 2443 294 2496 stat
308 2453 471 2516 exponere,
488 2433 561 2514 quid
580 2432 765 2510 intelligatur
783 2452 839 2495 no·
880 2431 1029 2494 stantibus
1058 2433 1148 2496 variis
1180 2434 1478 2513 modificationibus,

229 2519 318 2580 mine
333 2520 405 2599 fidei
422 2519 592 2599 explicitae.
880 2517 1110 2597 complectimur
1129 2519 1185 2580 suh
1215 2519 1304 2581 unica
1323 2521 1417 2582 classe
1436 2522 1482 2582 al-

273 2603 363 2664 quta
400 2601 573 2664 Suarezium
604 2603 676 2681 fides
702 2602 841 2682 replicito
880 2597 1027 2663 firnrantis
1044 2603 1211 2664 sententiae
1225 2603 1262 2666 de
1277 2603 1416 2666 absoluta
1436 2624 1483 2666 oe·

230 2687 287 2749 illa
306 2687 429 2764 dicitur,
450 2705 528 2767 quae
547 2687 656 2748 sufficit
668 2686 842 2748 adreddec·
880 2683 1020 2747 cessitate
1033 2686 1101 2747 fidei
1115 2686 1341 2767 explicitaetnm
1355 2688 1384 2749 in
1401 2688 1482 2749 Chri-

234 2771 305 2832 ‹tam
341 2771 491 2833 rationem
519 2771 556 2832 de
574 2770 637 2833 tali
669 2770 787 2832 obiecto
809 2770 840 2831 in
880 2774 959 2828 stum
979 2769 1174 2832 mediatorem
1190 2777 1219 2832 et
1237 2771 1479 2853 redemptorem,

239 2855 427 2934 particulari:
444 2855 589 2935 implicito
606 2873 676 2916 uero
688 2863 745 2931 est,
762 2873 841 2935 quae
880 2858 944 2912 tum
963 2851 993 2912 in
1012 2851 1063 2914 SS.
1090 2852 1286 2932 Trinitatem,
1318 2856 1481 2938 respective

236 2938 274 2998 ad
293 2940 325 3001 id
343 2959 405 3001 non
423 2939 551 3016 sufficit3
581 2938 752 3001 cuiusmodi
771 2946 837 3016 est,
880 2943 934 2996 aot
951 2955 1004 3016 pru
1031 2946 1158 3018 utruque
1180 2937 1393 3018 Testamenta,
1431 2949 1482 3002 arrt

231 3042 294 3101 qua
311 3024 446 3086 rusticus
462 3023 557 3086 credit
575 3032 605 3086 et
624 3031 705 3084 tenet
723 3022 837 3100 omnia,
880 3037 935 3099 pro
958 3028 1092 3103 tempore
1108 3023 1214 3084 saltem
1227 3021 1408 3086 Testamenti
1424 3043 1501 3108 rog

231 3107 425 3186 quaecredit
443 3116 473 3170 et
501 3107 590 3170 docet
616 3107 763 3169 catholica
787 3125 839 3169 ec·
880 3103 919 3181 vi,
942 3121 995 3166 seu
1014 3105 1087 3183 legis
1105 3106 1229 3184 gratiae.

230 3192 327 3254 clesia
343 3192 392 3273 (l)
923 3189 997 3250 3t8.
1019 3189 1127 3253 Contra
1143 3209 1213 3253 vero
1229 3199 1343 3272 partem
1368 3210 1479 3269 negan-

275 3277 352 3338 ato.
372 3277 477 3358 ltaque
500 3275 588 3338 fidem
621 3274 789 3356 explicitam
807 3274 839 3336 in
880 3281 940 3334 tem
959 3273 1107 3338 eiusmodi
1123 3277 1330 3339 necessitatem
1350 3285 1411 3338 tum
1428 3295 1481 3358 pro

231 3358 389 3423 Christum
408 3371 438 3423 et
454 3359 505 3424 SS.
522 3360 711 3438 Trinitatem,
732 3359 838 3421 saltem
881 3357 947 3434 lege
965 3367 1101 3437 naturae,
1121 3367 1184 3421 tum
1203 3379 1257 3441 pro
1277 3361 1341 3440 lege
1357 3361 1479 3442 scripto,

234 3455 304 3524 post
340 3445 451 3507 Christi
485 3444 665 3522 adventum,
698 3443 839 3506 omuibus
880 3459 934 3503 seu
954 3451 1024 3505 aute
1040 3442 1148 3505 Christi
1164 3444 1334 3522 adventum,
1355 3447 1483 3526 professi

230 3547 360 3606 prorsus
374 3528 573 3592 necessariam
590 3529 840 3590 esseoccessitate
879 3533 950 3586 sunt
977 3523 1104 3604 Suarer,
1125 3527 1303 3604 turrianus,
1323 3528 1478 3605 Snnchez,

231 3615 325 3675 lucedii
342 3611 381 3674 ad
402 3615 542 3691 salutem,
564 3621 666 3674 teuent
690 3611 769 3673 inter
785 3629 838 3674 ce·
879 3607 1024 3688 hurtado,
1046 3610 1158 3686 llilber,
1177 3611 1289 3691 aliique
1306 3631 1363 3672 non
1379 3612 1479 3692 pauci.

231 3707 314 3759 teros
332 3695 481 3775 Valentia,
502 3696 613 3774 horca,
633 3695 716 3759 card.
743 3694 835 3774 Cotti,
878 3690 937 3754 Sed
970 3711 1068 3776 neque
1091 3697 1291 3757 necessariam
1312 3695 1478 3777 explicitum

231 3800 302 3842 cum
320 3781 474 3863 plerisque
491 3779 666 3843 Themistis.
878 3777 966 3840 tidem
985 3777 1022 3840 ad
1044 3777 1284 3858 iustificationem
1305 3788 1334 3842 et
1352 3781 1478 3842 salutern

272 3864 381 3927 Fidem
396 3865 468 3928 item
487 3865 519 3928 in
541 3863 706 3942 Christum,
726 3871 837 3946 quate·
877 3861 909 3922 io
925 3881 1001 3924 noro
1020 3861 1222 3942 Testamento’,
1243 3881 1295 3925 seu
1314 3873 1380 3946 pust
1392 3863 1479 3926 Chri-

264 4030 304 4097 (l)
324 4029 392 4082 Turn
410 4031 437 4081 in
461 4028 558 4097 disput.
580 4033 617 4092 2,
635 4036 700 4080 sect.
724 4032 750 4090 o,
770 4044 795 4080 u.
809 4032 835 4091 ⁵,
877 4036 930 4088 cn,
951 4027 985 4080 ita
1004 4037 1040 4093 ut,
1062 4031 1107 4098 qui
1127 4029 1196 4082 illum
1215 4029 1308 4095 babet,
1327 4033 1406 4098 possit
1429 4047 1478 4082 rrou

230 4096 276 4148 ubi
294 4097 403 4150 scribitr
426 4097 579 4166 ‹Explicite
597 4095 702 4149 credere
720 4096 785 4161 nihil
811 4113 837 4146 u·
877 4096 960 4152 solum
979 4098 1094 4150 assentiri
1108 4098 1239 4164 mysterio,
1258 4098 1395 4151 ardutium
1414 4099 1478 4152 illud

231 4164 286 4216 liud
301 4174 350 4228 est,
369 4183 447 4234 quum
460 4166 566 4218 credere
577 4163 675 4234 aliquid
694 4163 720 4214 iu
733 4162 834 4230 seipso,
876 4165 1005 4230 explicere
1023 4173 1048 4216 ct
1059 4167 1171 4234 aliquam
1190 4167 1314 4218 rationum
1333 4168 1403 4218 illios
1420 4167 1477 4218 rcd·

230 4233 264 4282 itu
282 4244 312 4285 ut
339 4232 404 4284 illud
422 4233 454 4285 sit
472 4234 617 4302 proximum
636 4231 783 4292 obiectum,
809 4231 835 4282 in
876 4230 971 4283 decc...
991 4231 1058 4284 llnic
1086 4234 1227 4302 opponitur
1249 4235 1313 4286 fides
1333 4236 1477 4302 implicita,

229 4301 300 4365 quod
320 4299 603 4364 ccditmcnsuslldci3
626 4299 732 4351 credere
748 4306 835 4350 aulem
876 4298 942 4349 idcst
959 4301 1088 4361 corilum,
1116 4311 1141 4352 ct
1164 4303 1189 4351 ic
1210 4301 1260 4352 ulio
1279 4303 1419 4354 universali
1438 4303 1479 4353 ccl

231 4367 359 4435 implicite
371 4375 414 4420 est
430 4368 575 4421 cmdcreiu
585 4369 637 4420 atio
648 4376 761 4430 tanturm
774 4367 835 4434 quic
876 4369 1000 4419 mutcriuli
1018 4368 1119 4420 obiecto
1135 4378 1265 4420 contenta.
1278 4391 1289 4414 ι

229 4433 300 4502 quud
318 4436 357 4487 sie
372 4435 505 4498 creditur,
528 4451 617 4488 revera
635 4452 685 4487 nou
703 4435 835 4502 coporosci·
910 4436 950 4502 (ἱ)
968 4435 1039 4502 Quae
1057 4446 1173 4488 r'rccrrset
1190 4435 1262 4490 ccrd.
1276 4436 1344 4488 Cotti
1363 4437 1388 4488 in
1402 4444 1476 4488 tract.

231 4516 289 4568 rur3
304 4527 316 4550 ι
331 4513 386 4556 tum
399 4501 467 4572 disp.
477 4499 524 4565 li,
534 4513 598 4555 sect.
613 4509 640 4566 ὅ,
654 4519 680 4554 n.
696 4508 725 4554 l:
743 4501 834 4553 cliuo·
875 4505 904 4551 de
920 4506 977 4566 fids,
996 4520 1022 4572 q.
1042 4509 1069 4564 2,
1084 4501 1151 4555 duh.
1161 4503 1217 4571 [ηδ
1236 4511 1265 4568 ⁴3
1284 4505 1344 4556 itrm
1370 4503 1486 4566 llilber,·

231 4569 279 4621 hus
296 4571 379 4623 modis
396 4581 480 4641 potest
503 4573 588 4640 aliquo
606 4571 668 4623 iidcs
685 4571 772 4621 noceri
790 4586 835 4621 ex·
876 4577 953 4621 treet.
976 4575 1004 4622 de
1021 4575 1111 4623 uirtute
1129 4573 1234 4636 thrulop.
1257 4589 1315 4642 cap.
1333 4577 1360 4637 2,
1378 4579 1427 4624 art.
1442 4577 1477 4638 n,

231 4640 337 4706 plicita3
356 4655 420 4706 uno,
438 4641 499 4711 quir
511 4649 550 4712 cst
567 4640 680 4710 perlecto
696 4646 724 4691 ct
739 4636 833 4690 distin·
875 4654 902 4706 q.
920 4642 948 4690 2.
