3700 5659
745 512 856 582 133333
880 515 911 559 n.
1383 502 1422 564 ts

210 603 312 678 dacia,
339 601 392 665 sed
411 601 499 666 unice
520 603 618 683 agitur
638 603 676 666 do
697 623 767 668 vera
784 616 815 667 et
854 607 988 670 duntur:
1016 610 1138 675 creatae
1154 613 1306 692 propterte
1328 611 1415 686 3133,
1436 620 1463 673 et

213 688 334 772 proprie
351 687 429 750 dicta
448 688 517 750 sule.
855 702 963 754 crtrtotu
993 697 1128 759 evenient
1149 713 1319 775 prospero:
1339 695 1464 757 credes

253 774 304 834 51.
334 771 450 834 Etenim
471 773 631 854 Apostolus
648 772 735 834 llom.
759 789 814 848 rr,
857 771 957 838 aulem
977 779 1129 858 proptretis
1159 789 1204 840 est
1226 779 1374 855 credere,
1395 796 1465 841 reta

218 857 355 920 Abrahae
384 856 472 918 tidem
488 858 600 917 idcircb
626 874 818 936 summopere
858 879 937 930 esse,
955 869 1033 940 3313
1054 863 1216 942 propbetas
1240 862 1428 943 praedicunt.

222 939 420 1012 commendat,
437 939 518 1020 quod
531 939 703 1020 plenissime
714 939 816 1012 sciret,
905 945 957 1005 51.
978 944 1022 1005 Ad
1037 945 1126 1006 51).
1144 946 1302 1020 Timiditas
1322 946 1466 1008 tribuitur

220 1027 315 1101 idest,
353 1024 521 1085 certissime
551 1032 682 1100 teneret,
716 1023 817 1104 quod,
860 1028 1466 1106 (1313313153313133131111133133,113

220 1107 694 1190 3333333333333333131111333,
715 1116 820 1188 potens
861 1112 957 1172 solius
975 1111 1113 1188 fiduciae,
1135 1114 1173 1175 N.
1193 1113 1316 1175 Fiducia
1334 1113 1413 1174 enim
1434 1114 1466 1174 in

220 1201 264 1255 est
280 1201 312 1253 et
331 1193 443 1266 larcere3
461 1191 590 1272 ideoque
608 1191 638 1251 in
650 1209 733 1272 spem
751 1209 822 1252 can·
863 1195 920 1256 side
934 1205 1075 1275 tanquam
1087 1196 1152 1258 5331
1164 1197 1391 1274 1333131333333
1404 1197 1472 1258 3133

219 1290 265 1339 tra
285 1294 373 1356 spem
389 1274 536 1351 credidit,
565 1275 641 1336 idest
661 1275 820 1355 possibile,
864 1279 921 1340 sule
940 1279 1105 1341 subsistere
1135 1282 1217 1342 nullo
1250 1281 1338 1343 modo
1362 1281 1467 1362 possit.

219 1362 313 1422 imrrm
342 1369 519 1420 eventurum
542 1358 741 1422 infallibiliter
757 1377 824 1419 cre·
865 1362 1023 1434 Quorrrodo
1052 1363 1132 1425 euim
1156 1373 1279 1444 speret,
1299 1384 1332 1427 se
1355 1372 1470 1445 partem

220 1445 306 1520 didit,
327 1443 410 1523 quod
424 1461 458 1504 ex
474 1443 627 1504 communi
644 1453 768 1505 naturae
780 1459 827 1502 or·
867 1447 897 1508 in
917 1446 1025 1507 divinis
1052 1447 1304 1528 promissionibus
1335 1448 1471 1524 babere,

221 1526 830 1608 dineirnpossibileridebatur,nonbae-
868 1530 920 1612 qui
945 1530 1111 1592 divinarum
1142 1532 1375 1612 promissionum
1414 1550 1474 1593 uon

222 1613 324 1675 sitavit
359 1610 548 1687 dulibentis,
572 1611 629 1672 boe
657 1621 726 1686 est,
747 1610 830 1670 33113
870 1624 970 1677 teneat
988 1615 1185 1677 firmitatem‘.l
1212 1615 1306 1676 lmmo
1335 1633 1474 1695 comper·

222 1695 343 1758 nutarit
374 1695 561 1756 dubitatione
589 1704 642 1756 331
665 1693 829 1756 increduli·
872 1709 933 1760 turn
955 1706 1021 1774 est,
1043 1718 1078 1759 ex
1109 1717 1216 1776 magna
1247 1699 1305 1761 srde
1335 1718 1474 1777 magnam

225 1790 284 1842 tate
305 1781 372 1860 (1).
872 1801 956 1864 spem
975 1782 1096 1858 exoriri,
1117 1802 1185 1844 cum
1199 1783 1236 1844 de
1255 1783 1403 1864 promissa
1418 1781 1477 1843 ali·

264 1866 317 1924 55.
349 1865 388 1924 lle
411 1880 479 1922 vera
501 1862 613 1942 pariter
631 1862 688 1924 fide
706 1859 832 1938 intelligi
873 1887 934 1946 333
952 1885 984 1928 33
1003 1866 1177 1946 accipienda
1200 1867 1309 1942 agitur.
1330 1865 1387 1936 Qui
1404 1884 1478 1927 3333

226 1950 353 2022 debent,
378 1965 456 2026 qnae
475 1945 563 2006 llarci
590 1962 619 2006 xr
644 1954 673 2008 et
694 1944 795 2006 133351
824 1963 833 2004 1
873 1950 1001 2011 firmiter
1015 1950 1131 2024 eredit,
1153 1950 1245 2011 lleum
1281 1959 1342 2010 tum
1364 1967 1475 2029 posse,

226 2034 374 2110 leguntur
393 2030 454 2108 (1).
474 2029 560 2090 lubet
582 2031 662 2091 enirn
682 2048 736 2090 nos
755 2028 834 2090 Deus
875 2052 1085 2115 quaecumque
1111 2034 1200 2110 relit,
1222 2043 1394 2113 praestare,
1415 2041 1478 2092 tum

228 2115 405 2177 firmissime
425 2113 558 2184 credere,
578 2114 659 2192 quod
684 2114 748 2193 ipse
764 2130 835 2192 pos·
876 2119 973 2192 velle,
998 2127 1208 2196 quaecumque
1237 2116 1399 2196 promisit,
1420 2134 1480 2175 non

230 2202 267 2262 sit
281 2219 317 2261 ac
340 2198 412 2259 velit
432 2197 518 2257 uobis
540 2197 611 2258 dare
630 2195 777 2278 quidquid
788 2215 839 2275 pe-
878 2200 986 2283 potest,
1004 2199 1076 2280 quin
1092 2200 1260 2261 vehementi
1274 2199 1482 2278 bdueia,quas

231 2285 391 2357 tierinrus,
409 2283 497 2342 modo
516 2291 596 2342 recte
617 2291 763 2363 petamus,
785 2297 838 2340 ea·
878 2285 935 2346 sibi
955 2285 1105 2364 postulat,
1130 2284 1293 2365 promissas
1322 2301 1370 2345 res
1393 2300 1482 2363 prae-

234 2389 291 2448 que
312 2377 477 2448 petamus,
497 2385 574 2444 quae
603 2366 692 2428 saluti
719 2372 840 2425 nostrae
879 2370 1017 2431 stoletur.

235 2451 408 2532 expediant.
433 2447 516 2510 Unde
531 2449 633 2510 11335.
653 2468 692 2526 ra,
714 2449 754 2510 18
769 2466 840 2508 cae·
923 2454 975 2513 58.
1002 2452 1046 2512 nd
1078 2453 1192 2533 31133.
1212 2470 1336 2531 333333.
1356 2449 1429 2512 Nam
1450 2467 1485 2511 ex

238 2537 279 2596 c's
298 2535 397 2596 visum
416 2534 586 2613 petentibus
601 2535 643 2594 311
659 2533 753 2594 lesus:
772 2536 840 2594 bre·
882 2536 1027 2598 orationis
1045 2536 1123 2597 serie
1142 2545 1258 2600 constat
1273 2583 1282 2613 ,
1299 2535 1381 2615 quod
1401 2534 1484 2613 Apo-

240 2621 321 2693 ditis,
342 2619 413 2696 quin
431 2619 483 2678 533
500 2635 618 2695 poserem
633 2619 731 2697 (acere
747 2617 843 2678 335139
882 2621 978 2682 stolus
1007 2621 1038 2680 13
1068 2620 1186 2681 abiecto
1206 2621 1272 2681 loco
1296 2618 1420 2680 rrrinime
1438 2618 1485 2678 lo-

243 2715 270 2763 et
297 2701 589 2762 caellaenovae
625 2701 691 2761 ideo
725 2699 843 2776 linguae
884 2713 996 2785 quatur
1013 2704 1049 2764 de
1075 2704 1184 2765 fiducia
1202 2704 1233 2764 in
1268 2702 1485 2785 promissione,

244 2788 458 2867 impedimento
487 2786 645 2846 mulctatus
663 2794 734 2859 est,
764 2783 845 2863 quod
885 2784 1486 2867 11333133131331153311333,33111135113,

249 2870 476 2943 3331313133
498 2869 693 2950 promittenti,
710 2877 847 2928 3333313-
886 2892 947 2952 333
963 2871 1114 2932 Abrabam
1145 2871 1231 2932 lactis
1252 2870 1310 2931 sibi
1329 2868 1489 2930 revelatio·

255 2963 312 3013 tem
325 2974 404 3014 sunm
423 2953 573 3014 et'uxoris
591 2953 777 3014 sterilitatem
795 2951 849 3011 ob·
888 2957 977 3017 nibus
1000 2955 1126 3015 firmiter
1149 2953 1295 3029 inbaesit;
1316 2972 1351 3015 33
1368 2953 1405 3013 de
1424 2968 1490 3031 pro·
1554 2965 1558 2970 ·

256 3036 715 3118 133313333315111333113313,
736 3044 847 3096 utere·
888 3039 1044 3116 missione,
1068 3057 1145 3118 quae
1162 3037 1259 3100 eidem
1286 3036 1422 3098 Abrahae
1442 3035 1490 3095 13-

252 3121 342 3197 deret,
359 3141 436 3201 qnae
451 3122 489 3182 ab
507 3121 611 3197 arrgelo
627 3118 849 3198 denunciaban·
888 3136 936 3185 313
954 3131 1009 3193 331,
1034 3130 1082 3183 -ut
1114 3141 1168 3202 per
1186 3121 1269 3183 13333
1297 3129 1381 3201 pater
1407 3120 1493 3179 sreret

248 3215 307 3280 tur,
321 3206 377 3266 533
390 3205 549 3286 praecipue
567 3223 658 3266 33333
677 3203 846 3265 adducitur:
891 3209 1001 3270 multu·
1015 3227 1052 3265 an
1062 3208 1208 3283 gentium3
1226 3214 1316 3285 31333
1328 3203 1395 3264 ideo
1409 3202 1494 3264 iusti·

249 3290 326 3364 (lario
344 3309 404 3350 aron
423 3300 461 3351 est
477 3289 652 3368 irreposcibile
662 3288 742 3368 oprrd
757 3289 849 3350 Deum
890 3294 1059 3354 ficationem
1074 3299 1104 3351 et
1120 3292 1246 3352 salutern
1263 3288 1404 3348 debuisse
1418 3305 1492 3346 eon-

245 3392 331 3436 omne
349 3375 472 3436 3335333
491 3374 551 3451 (3).
892 3377 1006 3450 tingere
1020 3394 1079 3435 non
1098 3393 1132 3434 ex
1151 3376 1216 3451 lege
1233 3372 1322 3434 llosis
1342 3389 1439 3450 33333
1458 3388 1494 3430 ex

291 3459 345 3518 55.
379 3455 490 3518 Sensus
522 3457 679 3520 verborum
710 3473 729 3516 3
752 3455 849 3516 Paral.
893 3456 1496 3540 33331533133133333331133133133-

225 3620 230 3626 ι
244 3542 402 3623 pateinter
417 3541 466 3617 ils,
487 3559 564 3620 quae
585 3539 757 3600 immediate
777 3538 852 3599 sub·
893 3544 964 3624 pulo
976 3542 1044 3602 data
1054 3551 1111 3618 est,
1122 3541 1176 3602 sed
1185 3559 1219 3602 en
1228 3540 1285 3602 lide
1297 3539 1364 3600 lesu
1372 3536 1493 3612 Christi,

279 3706 429 3774 (1)(131133
443 3715 527 3755 331333
546 3704 578 3756 de
591 3703 640 3754 tide
659 3703 787 3763 Abrabae,
803 3719 853 3770 333
894 3704 927 3754 de
944 3719 1054 3771 quarum
1085 3701 1205 3752 firrnitote
1228 3718 1259 3752 33
1276 3700 1432 3751 certitudine
1449 3698 1499 3749 dn-

242 3776 302 3842 ipse
325 3773 452 3832 eredidit,
477 3773 774 3837 11333331331331331333
795 3771 855 3820 1331·
895 3773 975 3822 511333
999 3771 1145 3821 nullatenus
1169 3785 1319 3835 paestanus,
1345 3767 1377 3817 de
1404 3766 1497 3816 lirlncie

244 3844 269 3893 13
290 3841 342 3892 sibi
362 3842 558 3905 praestiturum,
578 3839 646 3906 qnod
674 3837 854 3904 perunna-tun:
896 3857 956 3890 veru
973 3837 1056 3904 333311
1077 3832 1497 3903 133313311333133133333333-

245 3925 345 3976 rrerupe
358 3907 426 3972 quod
442 3908 545 3958 irrlrrrns
561 3917 627 3956 esset
646 3916 719 3971 pater
731 3907 856 3964 33131333,
897 3909 971 3966 titur,
989 3921 1048 3954 crrrn
1068 3906 1217 3969 praemetiris
1235 3905 1289 3970 ipsa
1307 3902 1370 3954 lidos
1388 3899 1498 3960 doceat,

246 3979 296 4028 etsi
312 3975 428 4027 rrnrulum
441 3984 503 4023 esset
524 3975 570 4039 ipsi
591 3974 668 4035 lilius,
687 3983 803 4040 essetque
815 3990 856 4022 sc·
898 3992 955 4026 3331
974 3972 1068 4022 1313313
1083 3970 1220 4036 petendam
1232 3987 1298 4022 esse.

246 4061 310 4102 nex,
330 4052 356 4093 et
369 4046 430 4092 Sara
448 4041 542 4091 sterilis
555 4051 741 4108 provectaeque
759 4041 857 4090 3313113.
932 4043 970 4108 (5)
988 4043 1053 4092 Cum
1073 4039 1232 4090 lllnldountns
1250 4037 1409 4106 praecipua,
1436 4051 1503 4101 3333

246 4113 288 4164 Cf.
312 4108 790 4160 11333333131533313135333133.
899 4107 930 4159 ad
954 4124 1027 4159 snam
1050 4108 1200 4158 sententiam
1230 4103 1384 4157 fulciendam
1415 4111 1502 4167 prole-

215 4197 220 4218 3
283 4181 325 4245 (⁹2)
345 4179 381 4228 bc
399 4179 458 4242 quis
474 4177 628 4241 srrspiertnr,
648 4175 736 4225 bala-ri
755 4182 858 4225 contra·
899 4174 1161 4236 3133133311335331,
1180 4175 1343 4238 expendisset
1353 4169 1503 4222 3313111333-

215 4259 219 4266 ’
246 4246 393 4296 dictionem
408 4247 432 4293 13
447 4259 487 4302 33,
505 4243 574 4308 qnod
589 4243 665 4294 rerba
685 4242 861 4308 1333133333-
900 4260 963 4311 quo,
980 4244 1017 4292 sie
1034 4242 1138 4292 circiter
1149 4241 1281 4293 3333131111
1300 4241 1349 4290 133.
1368 4239 1433 4287 ciba
1449 4259 1459 4280 ι
1475 4235 1505 4286 Et

247 4329 345 4364 narrans
363 4310 395 4360 dn
413 4327 472 4360 vera
491 4310 559 4371 lide„
577 4309 639 4362 dnm
657 4310 718 4361 abbi
742 4309 774 4360 de
793 4309 861 4359 11113-
902 4320 986 4362 13333
1000 4309 1046 4360 soli
1064 4309 1140 4360 bodie
1158 4309 1297 4360 multorum
1315 4305 1444 4357 iudicio...
1456 4304 1504 4353 do-

211 4405 213 4410 ·
247 4379 623 4446 cinexpusnr·rirnus‚(n.2),
642 4377 863 4428 1333133311331131
902 4378 1006 4429 31133131
1024 4387 1101 4438 3331,
1129 4376 1175 4426 soli
1201 4376 1308 4426 verbnm
1329 4373 1384 4426 Jlri
1411 4386 1505 4436 331313

246 4450 374 4508 vellanis,
393 4457 446 4496 turn
465 4444 496 4494 de
510 4444 571 4503 lide,
585 4455 638 4495 tum
650 4444 681 4493 de
695 4443 788 4495 1313313
804 4460 862 4494 rer·
903 4445 1013 4504 dorent,
1032 4444 1180 4509 praesertim
1199 4443 1225 4493 in
1249 4440 1398 4510 quaestione
1415 4435 1448 4485 de
1466 4437 1507 4486 iu-

247 4515 284 4566 ba
307 4514 393 4566 133351
413 4511 520 4578 perinde
546 4529 575 4562 33
595 4513 671 4562 113331
696 4511 863 4579 intelligendu
904 4513 1077 4571 stificutione,
1103 4510 1236 4578 33331111
1261 4523 1349 4560 omines
1375 4503 1509 4554 doetrinae

245 4600 319 4641 esse,
338 4581 597 4631 3353133333133333
611 4579 747 4646 respe'etn:
766 4581 799 4629 de
815 4578 866 4630 balo
904 4598 966 4631 3333
983 4587 1072 4646 ropnt,
1095 4595 1143 4638 333
1154 4578 1270 4627 orantium
1295 4576 1428 4625 lacerosum
1441 4572 1510 4640 ipso-

246 4650 361 4719 quidem
381 4647 465 4716 quoad
480 4648 660 4715 prornissiones
677 4663 691 4698 3
710 4646 764 4698 [leo
778 4647 867 4710 laetas,
906 4665 964 4700 rum
977 4647 1144 4699 3333333133
1162 4654 1234 4712 puto.
