3700 5659
819 499 941 562 188

740 693 977 755 ratione
1008 701 1208 753 cetera
1237 697 1552 762 corruunt,
1593 699 1796 769 utpote
1827 689 1945 750 sal-

735 795 806 838 so
847 775 1051 837 innixa
1088 773 1517 850 fundamento,
1571 791 1786 853 nempe
1832 772 1947 834 hnc

735 877 946 922 amore
974 859 1279 919 hominem
1314 857 1432 919 Deo
1466 855 1575 917 uti.
1609 855 1944 937 Siquidem,

737 953 798 1004 ut
841 941 1069 1004 iamdiu
1134 941 1440 1004 adnotavit
1483 940 1788 1016 angelicus
1833 939 1949 1001 do-

736 1036 890 1103 ctor,
932 1025 993 1086 in
1029 1034 1167 1087 actu
1205 1025 1430 1088 amoris
1489 1023 1592 1086 Dei
1629 1023 1747 1084 duo
1803 1042 1947 1104 pos·

737 1118 880 1172 suut
903 1109 1216 1187 distingui.
1257 1105 1452 1171 Unum
1492 1115 1584 1170 est
1618 1106 1947 1185 obiectum,

739 1193 903 1274 quod
969 1203 1061 1254 est
1101 1195 1286 1270 Deus,
1340 1202 1401 1254 et
1464 1191 1581 1252 boc
1617 1189 1669 1252 si
1714 1200 1955 1252 amatur

736 1277 1010 1354 caritate,
1054 1296 1172 1337 non
1203 1285 1441 1338 amatur
1483 1282 1726 1357 propter
1759 1274 1947 1352 aliud,

737 1360 845 1422 sed
884 1370 1126 1442 propter
1160 1379 1249 1422 se.
1289 1358 1467 1421 Aliud
1487 1365 1578 1420 est
1600 1358 1950 1420 exercitium

739 1445 926 1506 huius
964 1453 1158 1517 actus,
1226 1451 1287 1505 et
1342 1443 1455 1504 hoe
1506 1450 1703 1524 potest
1739 1442 1952 1503 referri

738 1528 814 1590 ad
845 1527 1180 1588 mercedem
1202 1525 1356 1588 utad
1381 1528 1556 1588 linem
1586 1524 1949 1606 proximum3

737 1610 827 1672 sie
876 1610 1036 1671 enim
1107 1619 1277 1671 actus
1339 1609 1606 1671 caritatis
1668 1608 1951 1690 imperari

739 1701 941 1775 potest
976 1693 1052 1754 ab
1090 1712 1220 1774 spe,
1262 1701 1323 1754 et
1352 1712 1468 1755 non
1512 1699 1604 1754 est
1638 1691 1951 1754 inordina-

740 1778 824 1838 tio
854 1824 872 1854 ,
917 1777 1060 1857 quia
1099 1796 1219 1838 non
1270 1786 1408 1838 utor
1472 1776 1629 1851 Deo,
1672 1774 1779 1836 sed
1814 1785 1952 1838 actu

740 1880 877 1922 meo
905 1861 1046 1940 (1),
1091 1860 1177 1922 uti
1217 1861 1424 1937 medio,
1453 1857 1840 1942 perveniendi
1878 1858 1954 1921 ad

723 1945 918 2020 ‚linem
961 1944 1260 2005 ultimum.

827 2028 972 2089 121.
1001 2028 1088 2090 Ad
1116 2030 1177 2090 3.
1211 2028 1286 2090 Ν.
1315 2024 1552 2109 Optime
1577 2025 1736 2088 enim
1771 2025 1951 2088 ambo

740 2111 843 2173 isti
881 2130 1119 2174 amores
1156 2111 1313 2173 inter
1349 2130 1414 2173 se
1464 2119 1947 2192 componuntur,

721 2214 879 2268 ,cum
922 2195 983 2256 in
1041 2214 1163 2257 uno
1202 2195 1538 2275 eodemque
1576 2204 1711 2255 actu
1766 2193 1953 2273 possit

739 2297 810 2340 ex
848 2278 1024 2339 dictis
1070 2287 1323 2358 uterque
1362 2288 1531 2339 actus
1568 2276 1946 2338 identificari.

740 2360 892 2422 Nam
932 2380 1068 2422 cum
1109 2361 1268 2422 Deus
1303 2360 1383 2421 sit
1410 2360 1606 2421 bonus
1641 2360 1704 2420 in
1740 2378 1805 2420 se
1832 2407 1852 2436 ,
1894 2369 1954 2421 et

741 2453 1061 2526 propterea
1115 2443 1194 2504 sit
1235 2444 1428 2504 bonus
1462 2442 1671 2520 nobis,
1737 2443 1954 2522 poterit

744 2527 937 2589 amari
974 2527 1154 2588 simul
1201 2526 1277 2588 ob
1332 2536 1651 2606 utramque
1707 2525 1951 2587 bonita-

741 2621 888 2687 tem,
927 2619 1107 2690 atque
1139 2609 1289 2670 adeo
1327 2627 1572 2685 amore,
1628 2608 1732 2689 qui
1770 2609 1951 2670 simul

742 2695 821 2756 sit
848 2693 1298 2755 benevolentiae
1319 2702 1378 2754 et
1399 2693 1947 2773 concupiscentiae;

743 2797 883 2839 cum
925 2779 1038 2838 hoc
1101 2776 1482 2853 discrimine,
1558 2775 1722 2857 quod
1780 2794 1954 2837 amor

742 2861 1264 2942 concupiscentiae
1329 2858 1673 2922 immediate
1719 2859 1950 2921 resera-

742 2956 842 3008 tur
877 2945 952 3008 ad
983 2964 1049 3007 se
1078 2991 1094 3018 ,
1134 2944 1392 3009 mediate
1451 2962 1588 3006 vero
1655 2942 1731 3005 ad
1764 2942 1949 3004 Deum

741 3048 950 3091 amore
1009 3028 1457 3091 benevolentiae
1509 3046 1617 3088 seu
1652 3025 1951 3088 amicitiae

743 3132 852 3193 per
915 3111 1177 3172 debitam
1224 3109 1660 3171 ordinationem
1697 3155 1715 3185 ,
1772 3117 1953 3190 prout

741 3194 1154 3275 exposuimus.
1196 3193 1280 3254 Ac
1317 3193 1565 3274 proinde
1601 3192 1825 3272 optime
1863 3193 1953 3253 in-

742 3287 836 3339 ter
870 3296 936 3338 se
989 3276 1361 3349 consistunt,
1421 3294 1619 3355 neque
1664 3295 1819 3336 unus
1857 3275 1950 3336 al-

728 3371 936 3423 terum
977 3359 1271 3438 excludit,
1312 3367 1379 3421 ut
1415 3356 1783 3420 contendunt
1839 3357 1950 3419 ad-

731 3443 989 3507 -versarii
1009 3443 1132 3524 (2).
1313 3489 1317 3494 .

731 3582 737 3593 .
833 3528 977 3589 122.
1017 3527 1106 3589 Ad
1141 3525 1205 3588 4.
1237 3527 1312 3588 D.
1348 3524 1693 3587 Proximum
1726 3531 1786 3587 et
1812 3542 1953 3586 nos-

729 3613 1032 3693 ¹‘metipsos
1075 3611 1324 3688 diligere
1374 3608 1665 3671 debemus
1709 3617 1954 3691 propter

741 3697 971 3772 Deum,
1012 3704 1079 3756 ut
1136 3695 1316 3756 linem
1375 3693 1680 3771 ultimum,
1730 3692 1843 3768 C.;
1887 3700 1954 3753 ut

741 3781 922 3843 finem
962 3778 1324 3861 proximum,
1367 3778 1447 3840 N.
1487 3776 1633 3838 Nam
1666 3775 1955 3856 quemad-

744 3865 989 3925 modum
1036 3881 1147 3924 nos
1191 3861 1356 3943 ipsos
1392 3860 1660 3942 proxime
1704 3858 1953 3934 diligere

743 3965 1069 4028 possumus
1106 3963 1314 4007 amore
1350 3943 1479 4026 spei
1522 3943 1595 4006 ad
1632 3942 1951 4005 fruendum

748 4030 869 4091 Deo
908 4029 1068 4089 bono
1127 4036 1372 4100 nostro,
1431 4026 1520 4089 sie
1554 4026 1708 4088 alios
1737 4025 1950 4087 eodem

743 4130 953 4175 amore
981 4111 1265 4192 prosequi
1289 4128 1637 4191 possumuS,
1660 4118 1810 4172 utet
1837 4108 1954 4189 ipsi

742 4194 956 4258 eadem
1011 4193 1294 4255 beatitate
1356 4194 1655 4254 fruantur.
1723 4191 1952 4254 Possu-

748 4298 881 4338 mus
929 4277 1017 4338 eis
1053 4286 1253 4358 optare
1293 4276 1508 4354 gratias
1544 4284 1605 4337 et
1639 4274 1837 4336 media
1876 4275 1953 4336 ad

744 4382 885 4426 eum
917 4362 1309 4426 obtinentium
1355 4358 1603 4439 perinde
1640 4376 1710 4420 ac
1748 4357 1948 4435 nobiS,

836 4449 949 4502 “ia
1017 4442 1325 4522 dirigendo
1382 4441 1461 4504 ad
1526 4441 1633 4504 Dei
1695 4440 1950 4519 gloriam

957 4566 1037 4614 25.
1065 4562 1113 4610 d.
1141 4566 1225 4618 5¹1,
1253 4570 1352 4610 art.
1374 4560 1427 4620 ἡ,
1455 4555 1520 4608 ad
1545 4561 1577 4608 2
1603 4557 1842 4627 superius
1858 4558 1948 4609 cit.

961 4630 997 4678 Ι·“.
1029 4630 1265 4698 llil-alula.
1285 4626 1421 4695 disp.
1446 4626 1541 4677 eit.

1915 512 1995 559 nt:
2074 504 2187 554 §1³13

714 619 805 671 ,ιιι
832 607 908 670 ad
967 605 1078 669 rite
1117 597 1485 687 operandum
1533 602 1778 666 alliciat.
1819 603 1946 666 Hac
1982 629 1990 668 t

2027 614 2309 687 tanquam
2336 604 2413 668 ad
2448 606 2624 670 linem
2656 608 2935 672 ulvimnm
2969 617 3083 673 tum
3109 611 3195 677 Dei

2030 699 2155 752 tum
2190 690 2401 752 nostri.
2440 690 2644 773 Neque
2681 695 2850 754 aliud
2879 693 3130 757 Christus
3153 699 3199 759 in

2031 773 2286 836 obiectis
2344 775 2542 837 verbis
2576 776 2857 839 intendit.
2906 775 3056 840 Sane
3104 779 3203 860 ipse

2034 857 2210 920 nobis
2249 859 2585 939 promeruit
2623 859 3054 924 beatitudinem
3078 882 3204 926 eam-

2032 961 2150 1023 que
2188 942 2503 1024 proposnit
2554 954 2621 1005 ut
2664 945 3004 1007 mercedem
3041 955 3094 1008 et
3122 966 3202 1008 co·

2032 1044 2243 1121 ronam
2280 1025 2357 1088 ad
2402 1029 2694 1089 maiorem
2732 1026 2933 1091 Patris
2982 1029 3071 1092 sui
3100 1031 3203 1107 glo-

2030 1127 2209 1171 riam.

2120 1193 2265 1269 123.
2303 1191 2395 1254 Ad
2435 1192 2499 1254 5.
2537 1195 2616 1257 N.
2650 1195 2802 1256 min.
2835 1193 2987 1258 Nam
3017 1196 3132 1260 vita
3156 1198 3204 1260 in

2032 1276 2333 1339 voluntate
2367 1277 2527 1354 eius,
2570 1286 2634 1339 ut
2671 1278 2900 1340 dicitur
2927 1280 2989 1340 in
3024 1281 3215 1362 psalm.

2032 1379 2186 1436 xxix,
2232 1362 2298 1436 6,
2355 1361 2599 1441 vultque
2635 1363 2950 1424 voluntate
2984 1382 3111 1426 vera
3152 1383 3218 1426 ac
3321 1419 3324 1438 ,

2031 1443 2081 1505 si
2129 1462 2267 1506 cera
2301 1462 2510 1506 omnes
2541 1443 2815 1507 homines
2855 1447 3049 1509 salvos
3080 1448 3216 1524 lieri,
3321 1439 3324 1499 ἶ

2032 1545 2218 1607 neque
2260 1527 2418 1589 enim
2474 1530 2634 1591 Deus
2670 1530 2939 1592 laetatur
2975 1531 3041 1593 in
3089 1548 3204 1610 per-

2032 1612 2253 1673 ditione
2305 1612 2581 1673 vivorum
2606 1613 2728 1692 (3).
2779 1612 3044 1694 Ideoque
3077 1633 3202 1675 uun-

2032 1714 2213 1775 quam
2252 1693 2313 1755 in
2342 1694 2713 1776 beneplacito
2742 1696 2882 1758 eius
2912 1706 3004 1759 est
3036 1716 3203 1777 repro·

2036 1778 2197 1839 batio
2233 1786 2437 1840 nostra
2465 1826 2484 1856 ,
2544 1798 2725 1859 quam
2789 1799 2916 1842 non
2978 1769 3203 1842 decernit

2035 1861 2149 1923 nisi
2186 1880 2253 1923 ex
2292 1861 2577 1942 praevisis
2616 1863 2813 1944 culpis
2858 1864 3111 1938 nostris;
3150 1883 3201 1924 a·

2033 1945 2265 2026 lioquin
2305 1964 2420 2006 non
2466 1945 2704 2009 iuberet
2738 1947 2857 2008 sub
2902 1946 3059 2024 gravi
3092 1965 3201 2027 pec-

2031 2038 2164 2090 cato
2203 2047 2411 2090 omnes
2439 2048 2705 2125 sperare.
2732 2027 3104 2112 Quapropter
3124 2029 3203 2089 ab·

2031 2112 2213 2174 surda
2250 2120 2342 2174 est
2384 2121 2445 2175 et
2477 2114 2663 2194 impia
2698 2113 2966 2176 abiectio
3004 2115 3098 2174 illa
3129 2122 3201 2172 to·

2032 2196 2168 2257 talis
2205 2194 2402 2258 omnis
2438 2206 2635 2258 metus
2672 2216 3007 2277 poenarum
3046 2204 3200 2258 aeter-

2032 2298 2241 2340 narum
2282 2297 2353 2340 ac
2408 2279 2537 2361 spei
2574 2280 3009 2357 beatitudiniS,
3055 2297 3198 2359 quam

2030 2363 2160 2424 solo
2199 2362 2440 2442 perfecti
2472 2382 2544 2424 ac
2566 2364 2698 2444 puri
2728 2365 2963 2426 amoris
2991 2363 3197 2424 obtentu

2030 2446 2146 2506 sibi
2186 2446 2532 2523 confingunt
2566 2448 2923 2525 adversarii,
2963 2465 3029 2508 ac
3058 2447 3197 2527 plena

2031 2529 2134 2589 illa
2210 2529 2654 2609 acquiescentia
2714 2530 2775 2591 in
2855 2530 3197 2592 damnatione

2030 2619 2258 2673 nostra.
2288 2612 2350 2673 ld
2374 2614 2636 2693 profecto
2654 2615 2917 2676 ecclesia
2937 2629 3196 2693 nunquam

2032 2695 2258 2772 docuit,
2294 2715 2450 2776 quae
2480 2697 2557 2758 ab
2579 2696 2672 2759 bis
2702 2693 3198 2779 pseudo-mysticis

2031 2787 2374 2840 constanter
2403 2779 2743 2842 abborruit.

2120 2861 2261 2923 124.
2303 2861 2422 2923 Nec
2453 2882 2590 2925 vero
2624 2865 2720 2926 bic
2756 2861 3198 2944 praetermitten-

2031 2943 2171 3006 dum
2211 2953 2325 3023 est,
2364 2946 2500 3008 illos
2535 2947 2905 3028 quandoque
2941 2957 3097 3009 actus
3124 2952 3195 3004 to-

2034 3028 2169 3090 talis
2205 3029 2651 3106 resignationis,
2698 3031 2802 3111 qui
2840 3029 3198 3112 perhibentur

2034 3112 2463 3173 nonnullorum
2496 3123 2869 3192 sanctorum,
2906 3133 3022 3175 non
3059 3107 3196 3172 modo

2032 3194 2192 3256 haud
2227 3195 2541 3258 excludere
2609 3198 2822 3258 salutis
2871 3215 3034 3279 spem
3063 3242 3079 3272 ,
3118 3189 3198 3252 sed

2034 3278 2231 3358 potius
2274 3297 2403 3340 eam
2443 3279 2752 3342 includere
2790 3300 2863 3342 ac
2901 3291 3198 3361 supponere

2032 3361 2210 3440 eique
2255 3360 2453 3423 inniti.
2510 3361 2745 3424 Etenim
2806 3382 2930 3426 non
2972 3361 3103 3424 ‘alia
3145 3356 3199 3416 de

2033 3463 2215 3506 causa
2257 3444 2557 3508 interdum
2608 3445 2669 3507 in
2709 3447 2845 3508 illos
2885 3455 3052 3509 actus
3086 3448 3216 3524 pro-l

2034 3536 2323 3608 ruperunt
2382 3529 2573 3590 sancti
2632 3530 2756 3605 illi,
2807 3549 2990 3610 quam
3028 3546 3090 3588 ex
3122 3524 3212 3583 in·³

2035 3610 2179 3671 timo
2203 3611 2462 3692 quodam
2493 3631 2697 3690 sensu,
2727 3633 2848 3694 quo
2870 3612 3016 3676 certi
3039 3612 3195 3679 erant,

2035 3694 2220 3756 Deum
2261 3695 2464 3757 omnia
2501 3695 2851 3777 disponere,
2919 3696 2995 3758 ob
3044 3690 3197 3753 maius

2033 3795 2242 3839 eorum
2282 3779 2541 3857 bonum,
2598 3788 2779 3860 atque
2815 3780 2896 3842 ob
2933 3786 3195 3841 aeternam

2032 3878 2242 3922 eorum
2261 3862 2542 3923 salutem.
2568 3861 2675 3923 Hic
2705 3872 2834 3924 erat
2857 3872 3046 3925 status
3072 3858 3196 3937 ipso·

2032 3962 2164 4004 rum
2199 3945 2513 4021 normalis,
2537 3945 2680 4007 licet
2703 3946 2906 4026 aliquo
2933 3946 3194 4029 momentq

2034 4027 2380 4089 tentationis
2441 4027 2518 4090 ad
2576 4028 3048 4110 desperationem
3076 4071 3091 4100 ‚
3132 4027 3196 4081 1¹1¹

2033 4110 2250 4172 accidit
2278 4129 2331 4172 s.
2359 4110 2676 4174 Francisco
2706 4111 2963 4189 Salesio,
3002 4111 3061 4171 in
3081 4122 3197 4185 qua·

2034 4192 2171 4255 dam
2228 4193 2380 4256 falsa
2436 4195 2895 4276 suppositione,
2934 4186 3198 4277 potuerint

2034 4294 2350 4358 erumpere
2393 4275 2457 4337 in
2509 4277 2775 4359 aliquem
2814 4279 3108 4340 heroicum
3137 4286 3190 4329 a·

2032 4368 2191 4420 ctum
2232 4360 2306 4422 de
2335 4360 2639 4423 voluntate
2676 4361 2959 4438 diligendi
2996 4359 3155 4420 neum
3178 4371 3212 4424 2'

2032 4442 2269 4504 etiamsi
2303 4442 2601 4508 'deberent
2648 4446 2726 4507 ab
2786 4464 2858 4508 eo
2922 4449 3193 4507 aeternum

2033 4526 2322 4608 separari.

2102 4627 2182 4693 (ὃ)
2210 4633 2329 4693 sap.
2361 4623 2402 4690 Ι,
2434 4628 2517 4678 ts.
