3700 5659
393 430 452 494 1ιο
544 409 547 416 ’
913 440 952 484 ιιι
971 439 1039 484 nine

352 538 489 604 carentia
499 530 667 596 noluntaria
683 537 739 605 cst,
749 529 823 592 etad
835 530 954 610 culpam
996 549 1056 591 non
1074 529 1132 592 rim
1152 531 1196 594 eis
1226 533 1427 596 comminatus
1457 543 1510 614 eet,
1535 537 1580 599 sed
1665 559 1666 596 l

356 629 534 706 imputatur,
555 625 584 678 et
611 614 759 676 eiusmodi
797 613 957 677 infidelitas
997 615 1085 676 unice
1103 619 1264 696 praecepit,
1285 628 1318 679 ut
1336 635 1403 681 eum
1425 619 1498 699 ipsis
1509 621 1546 681 ita
1555 640 1583 683 sc

357 714 514 792 peccatum
530 710 576 762 est
591 696 735 778 (l).lpsis
750 697 876 778 proinde
894 715 959 758 om·
998 707 1152 775 gererent:
1173 701 1326 763 decentes
1339 703 1424 782 foena
1459 705 1493 764 de
1511 705 1584 764 durno

359 793 390 854 ni
410 795 527 870 opeest
544 780 793 855 subueniendum,
812 789 847 842 ut
869 799 887 842 a
910 788 959 840 ta-
998 783 1042 843 oei
1061 783 1189 858 ciuitate,
1220 787 1352 848 ementito
1375 789 1527 866 pulverem
1556 790 1586 850 dc
1665 811 1666 848 ι

358 877 381 938 li
399 869 543 952 culpabili
559 864 727 944 ignorantia
744 865 957 940 retrahantur,
996 866 1119 943 pedibus
1137 867 1242 928 ceolric
1269 869 1329 948 (ib
1350 887 1384 930 ao
1403 869 1524 930 interim
1551 871 1587 931 cis
1665 893 1666 932 ι

358 956 439 1040 quod
459 955 494 1033 fit
510 969 562 1033 per
577 948 841 1030 praedicationem.
1001 949 1216 1028 praedicerent,
1235 952 1423 1013 tolerabilius
1443 953 1474 1012 in
1492 952 1589 1014 diciu-

366 1089 375 1104 „
402 1039 477 1101 aab.
498 1037 535 1098 Et
550 1035 623 1094 haec
638 1032 759 1112 quidem
779 1029 878 1112 quoad
903 1048 961 1090 na·
1002 1031 1072 1092 dicii
1088 1033 1234 1108 agendum
1250 1035 1312 1095 lore
1328 1055 1394 1096 cnm
1415 1035 1544 1097 Sodoma
1566 1045 1590 1098 et

361 1126 459 1188 tiones
477 1139 531 1182 scu
553 1118 686 1194 integros
718 1117 856 1196 populos
887 1113 961 1176 Nam
1002 1113 1168 1178 Gomorrha
1180 1135 1270 1196 quam
1287 1137 1354 1180 cum
1374 1119 1467 1180 dorno
1486 1137 1519 1180 ac
1531 1121 1592 1180 ciri-

362 1206 445 1288 quod
462 1204 567 1266 attinet
582 1200 619 1262 ad
645 1198 797 1260 individua
821 1199 960 1274 singula,
1005 1207 1063 1260 tate
1082 1200 1145 1261 illa.
1165 1198 1263 1271 Quare
1283 1203 1482 1264 constitutum
1508 1213 1550 1264 est
1566 1203 1592 1264 in

361 1291 428 1354 fieri
448 1294 556 1369 potest,
577 1293 611 1346 ut
629 1283 716 1364 plura
733 1301 766 1344 ex
787 1283 861 1364 ipsis
886 1280 963 1342 uilril
1004 1283 1131 1344 concilio
1157 1283 1300 1346 Toletano
1320 1303 1374 1347 ru:
1397 1287 1467 1349 Non
1496 1289 1534 1358 ci,
1552 1287 1594 1348 red
1665 1315 1666 1340 ι

364 1374 484 1458 penitus
502 1374 683 1446 cognoscant
715 1367 752 1428 de
777 1365 829 1428 illa
858 1364 965 1427 notitia
1005 1369 1099 1430 libero
1116 1369 1239 1430 arbitrii
1255 1372 1418 1444 voluntate,
1434 1379 1468 1431 nt
1486 1388 1595 1432 coeon-

365 1468 417 1521 aut
435 1457 514 1518 lama
534 1450 695 1534 praedicati
714 1448 875 1526 euangelii3
896 1466 965 1508 cum
1005 1459 1111 1512 tntttnr
1138 1451 1260 1530 (ludaei
1280 1471 1333 1514 seu
1352 1453 1511 1532 infideles)
1536 1471 1596 1514 ιιιιι-

366 1559 436 1603 rero
456 1534 868 1615 neminiimputeturculpae,
886 1530 967 1612 quod
1006 1535 1096 1596 dende'
1116 1544 1198 1612 cunt,
1225 1553 1286 1597 non
1316 1538 1418 1616 potius
1452 1538 1596 1618 impeden-
1662 1545 1666 1598 J

366 1621 568 1685 uoluntarium
588 1626 722 1695 nonest,
744 1636 799 1678 nec
812 1616 966 1696 quidpiam
1007 1619 1038 1679 di
1057 1618 1128 1697 (3);
1160 1627 1194 1680 ut
1217 1620 1277 1681 alia
1306 1613 1532 1701 quamplurima
1550 1620 1597 1679 do-

368 1703 620 1769 sitroluntarium
638 1702 705 1762 sine
728 1701 847 1782 praevia
865 1700 967 1778 aliqua
1007 1710 1147 1764 cumeuta
1169 1705 1426 1784 praetermittam,
1450 1721 1529 1785 quac
1555 1721 1598 1764 ec·
1665 1730 1666 1769 ι

370 1786 552 1868 cognitione:
576 1786 645 1866 hinc
656 1793 713 1863 est,
727 1784 819 1865 quod,
833 1783 969 1863 quamvis
1009 1785 1118 1846 clesiae
1132 1805 1253 1848 sensum
1270 1789 1326 1848 hac
1344 1806 1436 1869 super
1462 1805 1497 1850 re
1523 1795 1598 1869 pate·

370 1868 966 1950 nalioinfidelitatepriuatiradetineatur‚
1009 1869 1133 1932 iaciunt.
1665 1905 1666 1935 r

371 1957 501 2036 ideoque
519 1952 674 2034 culpabili,
703 1954 803 2033 plures
834 1951 970 2027 siugula-
1052 1955 1125 2014 458.
1165 1951 1378 2016 Verumtamen
1411 1955 1599 2016 constitutum
1662 1983 1664 2014 ;

371 2061 420 2104 res
436 2057 582 2121 personae
599 2035 738 2098 laborent
755 2037 820 2099 sola
838 2034 971 2096 infideli·
1012 2045 1067 2112 est,
1080 2037 1410 2106 nonlicerechristiano
1421 2057 1492 2099 cum
1507 2037 1601 2098 iisdem
1664 2069 1666 2102 ι

373 2135 434 2188 tate
452 2122 588 2199 negativa
609 2130 699 2201 atque
718 2116 972 2202 inculpabili.Sed
1011 2121 1182 2182 infidelibus
1201 2123 1423 2184 communicare
1444 2123 1476 2184 iu
1493 2120 1599 2194 divinis,
1665 2148 1666 2186 ι

373 2219 404 2272 et
411 2207 478 2269 istis
486 2214 605 2286 propter
613 2223 709 2284 nuper
722 2203 850 2264 adducta
864 2201 975 2264 motiva
1012 2203 1042 2264 id
1057 2215 1113 2280 cst,
1134 2205 1164 2264 in
1179 2206 1344 2282 sacrificiis,
1359 2206 1560 2275 orationibus
1570 2203 1603 2262 ri·
1665 2231 1666 2269 l

376 2289 528 2354 subreniri
548 2288 647 2364 debet,
663 2296 697 2348 ut
711 2286 911 2348 damnationis
922 2285 976 2346 ba·
1013 2288 1105 2365 tibus,
1126 2287 1225 2368 iisque
1244 2290 1395 2366 omnibus,
1413 2309 1496 2370 quae
1517 2287 1552 2350 ad
1566 2303 1603 2346 rc·

375 2375 478 2438 rathro
494 2372 671 2433 liberentur.
1014 2371 1133 2449 ligionis
1151 2374 1264 2434 cultum
1284 2374 1468 2434 referuntur.
1490 2373 1570 2434 Esset
1580 2387 1604 2428 c·
1665 2401 1666 2434 1

419 2455 673 2519 dornomiam
692 2453 978 2532 addendumsuper·
1015 2455 1077 2516 nirn
1097 2456 1244 2517 eiusmodi
1265 2457 1500 2518 communicatio
1521 2471 1604 2535 quae·
1665 2482 1666 2520 ι

378 2552 425 2604 est
446 2540 526 2600 circa
549 2537 696 2616 infideles,
720 2537 905 2618 quicumque
922 2535 977 2596 de·
1016 2539 1083 2600 dam
1103 2540 1195 2600 falsae
1213 2541 1367 2617 religionis
1379 2529 1546 2620 professio,
1560 2555 1604 2616 ap·
1665 2566 1666 2603 l

380 2644 463 2688 mum
482 2623 553 2699 sint,
573 2641 626 2684 eos
654 2621 720 2698 cogi
752 2640 812 2682 nou
830 2638 919 2702 posse
942 2618 979 2680 ad
1017 2623 1165 2703 probatio,
1187 2641 1222 2684 ac
1236 2625 1371 2686 virtualis
1386 2624 1513 2704 perinde
1534 2620 1604 2682 chri·
1656 2616 1666 2686 l

380 2711 469 2772 sidem
499 2714 529 2768 et
554 2705 735 2787 baptismum
755 2703 979 2786 suscipiendum
1018 2707 1133 2768 stianae
1150 2707 1304 2786 religionis
1326 2709 1500 2784 abnegatio.
1517 2701 1604 2776 Quoad
1654 2676 1662 2845 p

380 2813 449 2856 curn
463 2790 631 2853 voluntaria
648 2789 756 2852 debeat
766 2808 833 2852 esse
847 2787 916 2850 fidei
931 2806 982 2848 su·
1018 2789 1117 2852 civilia
1129 2809 1198 2852 uero
1211 2791 1288 2854 vitae
1304 2811 1338 2854 ac
1357 2791 1512 2854 societatis
1524 2786 1605 2850 officia
1658 2816 1666 2882 ,t

382 2877 508 2960 eceptio,
544 2893 599 2936 nec
627 2874 754 2936 ecclesia
785 2874 847 2936 ulla
871 2873 983 2954 polleat
1020 2873 1605 2950 communicarelicet,dnmmodoomne
1656 2906 1661 2944 ,

382 2967 530 3043 potestate
547 2957 579 3018 in
597 2976 664 3036 eos,
686 2957 740 3038 qui
768 2975 822 3038 per
838 2953 983 3036 Baptismi
1021 2958 1099 3020 absit
1116 2959 1248 3020 scandali
1267 2979 1301 3020 ac
1320 2958 1522 3039 perversioris
1544 2952 1608 3036 peri·
1657 2955 1662 3033 ᾗ

383 3049 504 3107 ianuam
533 3041 668 3103 noudum
715 3042 794 3104 iuter
838 3039 984 3102 ecclesiae
1022 3043 1135 3120 culum;
1156 3042 1186 3103 id
1204 3043 1283 3104 enim
1304 3043 1450 3123 permittit
1469 3039 1607 3122 apostolus

382 3128 521 3191 membra
533 3133 756 3206 computantur.
776 3123 852 3186 ilinc
866 3133 985 3204 aposto-
1021 3143 1042 3202 1,
1063 3125 1130 3188 Cor.
1154 3145 1182 3204 ιι,
1204 3126 1256 3188 al:
1277 3129 1311 3191 Si
1325 3127 1391 3206 qnia
1405 3135 1490 3188 cocat
1508 3139 1555 3186 eor
1569 3121 1607 3180 it·

386 3213 434 3272 lus
448 3229 470 3286 ι,
484 3208 552 3271 Cor.
571 3226 603 3270 ιι.
618 3209 669 3283 12;
681 3209 759 3284 Quid
772 3208 858 3283 mibi,
873 3205 982 3286 inquit,
1023 3210 1165 3289 fidetium,
1186 3219 1212 3271 et
1231 3211 1321 3274 virttis
1339 3211 1395 3284 ire,
1420 3227 1520 3284 omne,
1546 3202 1608 3284 qnod

383 3297 421 3356 dc
446 3294 496 3369 iis,
521 3291 574 3372 qni
602 3293 678 3372 soris
704 3300 789 3366 sont,
821 3290 986 3354 iudicare?
1024 3294 1104 3356 nodia
1122 3294 1295 3373 opponitur,
1320 3295 1501 3356 manducate
1512 3315 1525 3366 ;
1542 3283 1609 3368 qnod
1665 3323 1666 3357 ι

385 3377 524 3440 Christus
539 3375 691 3456 apostolos
709 3392 782 3436 suos
804 3374 843 3436 ad
865 3372 986 3454 praedi·
1027 3385 1125 3438 tamen
1145 3377 1181 3438 de
1200 3378 1276 3439 cibis
1301 3377 1338 3439 ab
1366 3377 1496 3438 ecclesia
1526 3368 1609 3433 vetitis
1661 3404 1666 3441 ,

385 3460 515 3523 candum
544 3459 665 3521 mittens
696 3476 757 3519 non
774 3458 850 3520 alias
875 3474 987 3538 poenas
1026 3459 1150 3538 intelligi
1170 3461 1286 3541 nequit.
1311 3457 1609 3540 Necpraetermittcn·
1659 3491 1666 3555 1

379 3543 611 3606 ’ἀοιιιιιιοίιιιιάιιι
636 3542 800 3605 incredulis
836 3539 988 3622 praecepit
1026 3543 1108 3622 dum,
1130 3545 1274 3608 ecclesiae
1292 3546 1356 3622 lege
1375 3544 1405 3604 in
1421 3540 1553 3606 Concilio
1568 3536 1610 3595 La·
1661 3566 1666 3611 t

387 3629 446 3690 nisi
464 3628 647 3709 spirituales:
669 3627 803 3702 Οιιὶιιιιιι
816 3626 986 3700 crediderit,
1027 3628 1176 3689 teranonsi
1193 3646 1235 3705 ιιι,
1270 3627 1418 3690 sancitum
1450 3627 1562 3699 luisse,
1581 3634 1609 3677 ιθ

386 3712 648 3775 condemnabitur.
683 3709 783 3772 Voluit
810 3709 923 3790 potius,
956 3714 989 3768 ut
1027 3711 1261 3774 christianicum
1280 3711 1396 3773 iudaeis
1416 3709 1610 3782 habitentur
1664 3737 1666 3774 ι

386 3795 534 3857 intrantes
552 3793 674 3856 domum
705 3812 808 3874 pacem
827 3792 925 3874 primo
941 3792 987 3852 ol·
1028 3794 1158 3873 medant,
1179 3795 1211 3856 in
1230 3795 1337 3856 balneo
1355 3796 1503 3868 leuentur,
1523 3808 1557 3851 ne
1574 3783 1610 3846 eis
1663 3777 1666 3856 i

388 3879 503 3939 ferrent
520 3877 580 3940 illis
590 3878 701 3940 verbis:
713 3879 781 3941 Poe
792 3878 862 3939 duic
872 3875 986 3951 domur}
1028 3879 1222 3955 famulentur,
1243 3897 1298 3940 nec
1319 3877 1357 3939 ab
1381 3877 1425 3938 eis
1448 3872 1608 3938 medicinam

387 3961 784 4043 quodsibancrespuercnt,
795 3979 854 4020 non
863 3959 986 4035 bellum,
1028 3961 1175 4043 accipiant
1207 3961 1268 4043 (l).
1302 3959 1387 4033 Quod
1413 3960 1450 4022 ad
1485 3953 1610 4028 tuendam

436 4155 464 4224 l)
482 4156 523 4209 Ci.
537 4158 643 4219 Suarcz,
660 4155 729 4226 disp.
745 4163 786 4221 lli,
805 4164 868 4216 sect
889 4161 950 4218 l,u.
962 4161 988 4210 ἱι.
1029 4159 1291 4228 rcnirccempcllal...
1302 4158 1394 4212 Veram
1407 4147 1611 4228 quippechristinf

434 4225 461 4290 ἰ)
480 4225 552 4275 biatt.
570 4223 604 4283 Χ,
619 4229 662 4275 lt.
1028 4227 1115 4278 nitatis
1143 4219 1331 4278 lidem'bebere
1349 4241 1400 4277 non
1424 4226 1556 4280 credilur,
1571 4227 1607 4281 tim

422 4291 461 4359 (5)
478 4291 542 4343 Can.
561 4294 594 4342 62
612 4289 680 4358 apud
698 4287 988 4343 ilardrrin.ActoConc.
1028 4293 1059 4344 acl
1077 4294 1243 4346 christianum
1262 4295 1419 4362 llaptismuur
1449 4309 1499 4344 uon
1520 4290 1610 4354 sputu·

387 4365 450 4409 lom.
464 4363 491 4419 ὅ,
509 4359 559 4408 col.
571 4361 637 4419 5903
655 4367 680 4408 ct
697 4360 724 4408 iu
744 4359 858 4410 Concilio
881 4361 989 4411 lateran.
1029 4378 1101 4421 ricus,
1120 4361 1163 4410 aad
1178 4363 1443 4428 invituscognoscitur
1455 4354 1608 4428 pervenire·

386 4431 414 4487 3,
441 4427 466 4476 in
485 4426 541 4476 arb.
565 4424 601 4475 Dc
621 4425 715 4477 inducie
732 4425 844 4477 dicitur:
865 4427 989 4477 «Statni-
1029 4427 1105 4495 rlpud
1118 4427 1198 4480 Menai
1214 4429 1331 4480 collectio
1339 4428 1471 4479 concilior.
1490 4435 1545 4476 tom.
1567 4419 1608 4474 Ξῖ,

327 4529 328 4532 ,
386 4497 461 4555 nine,
485 4502 515 4544 ιιι
542 4493 630 4544 nullus
653 4492 808 4544 cbrislianus
834 4492 926 4544 invitos
949 4494 989 4546 vel
1029 4510 1059 4564 pn
1082 4535 1087 4545 .
1108 4500 1169 4546 dno.

387 4561 504 4611 uiolentas
533 4577 575 4612 eos
603 4559 745 4632 (inducor)
774 4559 805 4612 ad
830 4561 989 4630 ilaplismum
1061 4512 1191 4632 itlbpud
1213 4561 1303 4626 Mauri,
1320 4561 1435 4614 Gotteotn
1452 4559 1540 4612 Cornell.
1557 4558 1610 4600 tom·
