3700 5659
753 538 850 586 curor
867 542 908 586 rr.
1355 533 1416 596 173

190 633 296 698 modo
319 634 365 696 lex
384 631 531 694 libertatis
550 631 814 696 autbonumnun-
853 635 927 716 quin
950 635 1003 699 illa
1024 656 1177 717 amorem,
1198 640 1274 704 baec
1297 650 1398 705 autem
1416 643 1468 706 ti-·

192 719 285 780 cium
300 719 369 780 iure
380 717 546 796 nuncupari
560 726 672 797 posset,
682 717 707 778 si
719 717 814 778 instar
853 738 969 781 morem
989 723 1138 784 excludat.

197 803 278 879 legis
298 801 413 864 veteris
426 810 594 882 praecepta,
607 800 814 862 commiuatio-
897 804 948 864 Π.
968 804 1012 865 dd
1030 805 1062 866 2.
1083 809 1122 870 N.
1144 815 1177 869 ut
1194 815 1275 888 patet
1295 826 1334 870 ex
1354 809 1455 872 dictis

198 905 269 963 nes,
284 894 479 964 terroresque
491 883 659 946 incuteret?
674 885 705 946 5⁰
717 882 812 955 Quid·
852 885 970 948 Etenim
989 887 1014 948 si
1034 889 1134 969 reipsa
1148 892 1335 969 euangelium
1355 893 1456 954 omni-

199 989 272 1032 nam
298 969 386 1030 lueret
403 967 439 1029 de
462 976 506 1030 tot
527 967 722 1048 amplissimis
740 986 812 1049 pro·
853 971 971 1032 modam
984 971 1152 1036 libertatem
1167 975 1335 1055 praeberet,
1347 966 1457 1039 timore

200 1052 421 1121 missionibus,
437 1069 515 1132 quae
531 1050 560 1112 in
581 1052 733 1130 euangelio
745 1069 814 1112 con·
853 1055 934 1115 omni
951 1074 986 1118 ac
1001 1063 1130 1118 tremore
1145 1059 1278 1134 excluso,
1292 1079 1351 1120 non
1368 1060 1457 1122 intel·

201 1136 369 1198 tmentur‘?
391 1137 423 1197 θ’·
443 1134 631 1215 Quapropter
659 1136 812 1216 apostulus
853 1137 972 1215 ligitur,
991 1139 1063 1219 quid
1082 1138 1218 1204 Christus
1235 1142 1294 1204 sibi
1313 1143 1453 1222 uoluerit,

200 1219 295 1287 Rom,
317 1237 380 1297 urrr,
401 1219 452 1287 ts.
469 1217 638 1280 scribebat:
654 1220 813 1282 Nnnerrim
853 1220 924 1283 dum
947 1222 1022 1284 adeo
1046 1233 1148 1304 aperte
1165 1225 1258 1286 edixit
1275 1225 1379 1288 ldattb.
1400 1244 1454 1302 vn,

200 1305 364 1384 accepistis
376 1303 517 1383 spiritum
538 1304 688 1365 servitutis
704 1304 812 1366 iterum
855 1306 909 1366 ltl:
939 1305 1044 1368 Omnia
1068 1309 1161 1370 orbor
1187 1326 1263 1388 quoe
1292 1327 1352 1372 non
1379 1313 1466 1391 furit

201 1389 236 1449 in
263 1398 399 1464 timeare,
422 1389 473 1449 sed
495 1387 644 1466 accepistis
671 1388 813 1467 spiritum
851 1389 986 1468 frutetum
1007 1391 1135 1467 borram,
1154 1394 1308 1455 excidetur
1326 1403 1354 1456 et
1372 1396 1406 1456 in
1424 1396 1453 1457 i-

201 1473 380 1550 odnptermis
402 1472 552 1550 filiorum,
572 1471 605 1532 irc
625 1487 681 1550 quo
699 1471 812 1534 rinmu-
851 1488 940 1550 quem
955 1474 1103 1546 mittetur,·
1118 1475 1188 1538 dum
1205 1475 1241 1538 de
1257 1477 1391 1553 bomine,
1402 1477 1454 1558 qui

200 1573 285 1616 arura:
305 1557 391 1618 Aaou
404 1554 539 1634 (Poter);
553 1562 583 1614 et
594 1554 748 1634 apostulus
760 1552 814 1615 Pe-
853 1555 974 1619 intrauit
990 1557 1027 1618 ad
1045 1558 1165 1638 nuptias
1183 1578 1242 1620 uon
1261 1559 1385 1622 indutus
1401 1580 1454 1623 re·

203 1648 292 1700 trus:
315 1641 371 1702 Per
384 1657 469 1718 quem
489 1637 666 1717 (Christum)
679 1638 813 1700 nteaimn
852 1647 898 1700 ste
931 1640 1078 1720 nuptiali,
1105 1643 1313 1722 pronunciarit
1341 1644 1454 1707 ibidem

201 1732 230 1782 et
258 1723 397 1801 pretioso
421 1723 507 1786 crebis
521 1722 669 1804 proruisse
693 1722 812 1784 donauit
852 1740 922 1800 nxu,
938 1725 992 1785 13:
1011 1725 1125 1804 Liqotis
1140 1728 1280 1790 mortibus
1294 1729 1455 1806 etpedibus

203 1805 269 1885 (l).
293 1805 383 1884 Ergo.
851 1807 934 1883 eius,
950 1808 1063 1870 mittite
1078 1826 1146 1871 cum
1163 1811 1196 1872 io
1217 1812 1352 1872 tenemus
1369 1821 1453 1874 cnte-

247 1891 305 1950 to.
324 1888 416 1970 Resp.
435 1887 473 1950 ad
493 1889 523 1949 l.
540 1889 580 1951 N.
594 1887 712 1950 Etenim
724 1906 812 1950 evan·
851 1893 959 1954 riores.
981 1893 1025 1953 lor·
1041 1892 1099 1953 erit
1115 1893 1202 1972 [letan
1214 1902 1241 1955 ct
1253 1895 1453 1957 stridordcn·

202 1973 321 2046 pelium
346 1992 406 2034 non
431 1990 518 2034 secus
545 1991 580 2033 ae
609 1971 741 2034 mosaica
765 1972 811 2034 lex
852 1973 1030 2048 tium;dum
1045 1992 1116 2036 auru
1138 1977 1233 2038 multa
1252 1977 1455 2040 comminatur

205 2056 428 2118 beatitudinem
439 2055 649 2136 promittitsnb
663 2055 810 2118 bonorum
851 2067 955 2118 contra
972 2057 1087 2120 scribas
1105 2063 1135 2120 et
1152 2059 1328 2139 pharisaeos
1339 2061 1379 2122 ob
1397 2079 1452 2121 eo·

204 2158 334 2220 operum
360 2139 551 2216 conditione,
570 2141 728 2220 legemque
754 2140 810 2202 boc
851 2159 916 2202 rum
934 2141 1115 2221 hypocrisin,
1134 2141 1276 2203 malitiam
1293 2161 1329 2203 ac
1347 2161 1452 2223 super-

204 2223 260 2284 sub
280 2234 424 2304 respectu
445 2223 629 2300 euangelium
655 2225 812 2285 conlirmat
852 2223 945 2300 biam;
961 2224 1032 2288 dum
1052 2225 1182 2305 denique
1200 2245 1266 2306 rap.
1284 2243 1340 2286 xxv
1355 2226 1453 2288 inten-

206 2318 232 2366 et
250 2308 384 2387 perficit,
396 2317 428 2369 ut
444 2315 561 2368 constat
578 2325 612 2368 ex
632 2306 692 2368 illis
702 2307 810 2369 Christi
850 2317 892 2370 tat
910 2307 1059 2389 reprobis,
1079 2308 1248 2390 etquidem
1267 2309 1385 2372 delectu
1400 2310 1454 2372 bo-

205 2391 318 2468 verbis,
340 2409 419 2471 quae
436 2389 576 2469 leguntur
590 2389 691 2452 blattb.
711 2409 742 2467 v,
758 2393 808 2453 li:
850 2411 958 2454 norum
988 2411 1131 2472 operum,
1155 2392 1253 2471 iguem
1280 2401 1450 2472 aeternum,

204 2476 304 2536 Nolite
318 2485 443 2554 patore,
461 2477 601 2553 quioniam
619 2476 688 2536 ceni
701 2477 811 2538 soluere
848 2476 1208 2554 quiporotuscstdinbulu
1219 2477 1367 2556 etonqelis
1374 2478 1452 2540 dus.

206 2559 297 2637 quem
320 2567 374 2620 out
392 2559 643 2637 praetereamus
660 2560 729 2620 ocni
749 2560 809 2620 sut·
848 2559 1060 2622 Corrrmentitia
1075 2559 1166 2636 igitur
1184 2569 1230 2622 est
1247 2559 1372 2622 libertas
1387 2561 1450 2636 illa,

205 2658 289 2714 rere,
312 2644 366 2704 sed
389 2642 565 2721 udintplcra:
596 2641 758 2722 subditque
776 2659 807 2703 r.
849 2662 940 2722 quam
964 2663 998 2704 er
1025 2644 1178 2720 euangelio
1197 2643 1256 2706 sibi
1273 2644 1454 2724 promittunt

207 2727 262 2786 ro:
281 2725 344 2800 Qui
362 2726 565 2806 erqoserloerit
577 2743 670 2787 arrium
684 2728 811 2788 demon·
848 2726 1023 2788 aduersarii.

205 2810 283 2871 ditiis
310 2811 376 2871 istis
400 2809 550 2886 milliaris,
569 2817 597 2872 et
615 2810 750 2872 docrrerit
768 2812 810 2871 sic
893 2811 944 2870 78.
964 2809 1007 2870 Ad
1027 2810 1057 2870 3.
1085 2809 1123 2871 D.
1150 2808 1231 2870 Noua
1255 2809 1302 2870 ier
1328 2817 1452 2872 vocatur

205 2892 358 2970 bernium,
378 2894 523 2955 minimus
538 2893 694 2956 nocebitur
708 2893 739 2953 io
759 2910 808 2954 rc·
847 2891 895 2952 lex
925 2892 1072 2954 libertatis
1097 2900 1128 2953 et
1153 2893 1358 2970 evangelium,
1379 2893 1451 2972 quia

203 2993 261 3054 qno
282 2978 430 3039 cneorum
441 3001 455 3050 ,·
472 2977 523 3055 qui
546 2985 643 3038 erotem
664 2974 765 3053 proiit
783 2985 808 3038 et
848 2994 903 3037 nos
920 2994 938 3036 a
955 2975 1067 3056 peccati
1086 2976 1229 3038 seruitute
1248 2976 1384 3038 liberauit
1397 2995 1453 3056 per

206 3061 428 3136 docerer·it,'dic
453 3078 581 3138 nruqons
605 3060 758 3122 recuditur
775 3061 807 3120 iu
848 3057 1450 3140 invectamredemptionem,C.;quianos

207 3159 301 3224 reque
324 3147 485 3208 coctorum.
505 3144 542 3204 Et
559 3161 631 3204 sane
652 3142 809 3204 uniuersus
848 3143 951 3220 alegis
963 3141 1170 3204 obseruatione
1183 3143 1330 3219 liberauit,
1347 3145 1449 3220 srrbd.;

207 3245 327 3306 sermo,
358 3246 447 3308 quem
479 3225 585 3288 babuit
611 3225 746 3288 Christus
777 3227 807 3288 in
849 3225 922 3302 legis
935 3226 1053 3288 ritualis
1066 3246 1101 3288 ac
1113 3225 1302 3302 iudiciariae,
1320 3227 1370 3304 G.;
1388 3247 1453 3288 mo-

207 3323 320 3390 mente,
343 3330 494 3392 quemque
510 3311 606 3372 tribus
625 3310 808 3372 contineuti-
847 3311 932 3387 raliS,
948 3312 988 3372 N.
1006 3309 1109 3390 ltaque
1122 3309 1235 3394 duplici
1248 3309 1284 3371 de
1299 3328 1391 3372 eausa
1404 3311 1451 3371 lex

209 3392 263 3456 bus
282 3395 435 3477 capitibus
458 3395 561 3457 retulit
582 3413 608 3456 s.
629 3389 806 3470 Matthaeus,
848 3412 923 3455 noua
942 3393 1089 3455 libertatis
1105 3394 1151 3455 lex
1168 3403 1368 3474 nuncupatur,
1386 3403 1450 3455 tum

207 3479 278 3556 quid
294 3479 378 3541 uliud
392 3479 512 3541 exbibet
531 3497 620 3559 quam
639 3487 809 3559 praecepto·
848 3477 918 3556 quia
938 3496 991 3558 per
1009 3495 1074 3538 eam
1092 3477 1210 3538 liberati
1228 3496 1334 3538 suanus
1352 3496 1370 3537 a
1385 3477 1451 3553 lege

207 3579 271 3624 rum
296 3563 491 3641 congeriem?
509 3561 570 3624 Hoc
590 3563 691 3642 itaque
714 3579 806 3622 unum
847 3560 1059 3621 caeremoniali
1075 3567 1105 3620 et
1116 3559 1262 3637 iudiciali,
1276 3579 1354 3638 quae
1366 3560 1449 3635 graui

207 3643 366 3708 intercedit
384 3645 544 3708 discrimen
562 3646 657 3723 legem
679 3644 756 3706 inter·
773 3663 808 3706 ac
847 3642 916 3719 iugo
935 3643 1091 3724 premebat
1109 3642 1249 3718 iudaeos,
1270 3650 1373 3722 utpote
1392 3661 1449 3722 po-

207 3731 408 3807 evnngelium,
422 3729 502 3810 quod
517 3731 562 3791 lex
582 3747 641 3790 non
657 3727 741 3790 daret
755 3747 809 3808 per
847 3728 950 3807 pulum
964 3727 1056 3788 durae
1068 3725 1194 3788 ceruicis
1205 3734 1236 3788 et
1246 3725 1450 3788 incircumcisi

207 3830 237 3874 se
256 3815 315 3875 nisi
332 3823 504 3895 praerepta,
525 3831 579 3875 nec
599 3821 731 3874 moueret
749 3812 807 3872 nisi
846 3811 958 3884 cordis,
973 3810 1010 3871 de
1022 3828 1081 3889 quo
1097 3811 1251 3890 apostolus
1262 3808 1370 3870 Petrus
1382 3810 1447 3870 bct.

208 3897 333 3974 timore,
354 3915 390 3958 ex
410 3917 469 3978 quo
488 3897 660 3959 seruitutem
680 3913 807 3972 genera·
846 3911 894 3967 nu,
913 3896 964 3970 to,
979 3893 1097 3954 aiebat:
1118 3892 1326 3968 Ouidtcototis
1338 3893 1444 3966 Druna

208 3978 275 4058 bat3
295 3983 482 4060 euangelium
507 3999 576 4042 uero
603 3977 755 4042 caritatem
779 3987 809 4040 et
846 3978 997 4056 imponere
1026 3977 1132 4057 iuqum
1153 3993 1244 4055 super
1260 3976 1382 4038 ceruices
1399 3976 1449 4038 di·

206 4065 331 4138 gratiam
344 4065 479 4126 infundat
490 4062 618 4146 Spiritus
629 4062 808 4142 sancti‚qua
845 4062 1046 4140 aripatorium,
1066 4061 1255 4140 quodamque
1274 4067 1376 4139 potres
1393 4078 1449 4122 uo-

207 4147 254 4225 lt,
276 4157 312 4210 ut
339 4148 495 4211 christiani
523 4166 584 4209 non
614 4155 672 4208 tam
700 4146 807 4206 timore
845 4145 920 4220 stri,
940 4161 1033 4223 neque
1056 4162 1110 4207 nos
1129 4152 1254 4224 portora
1276 4147 1451 4223 putarimus?

206 4250 340 4311 poenae,
365 4251 454 4313 quam
474 4249 577 4292 amore
602 4229 752 4306 iustitiae,
775 4237 808 4290 ut
846 4237 876 4290 et
891 4227 1001 4290 Paulus
1014 4226 1078 4290 Gal.
1098 4245 1140 4304 rr,
1160 4229 1199 4290 9:
1221 4227 1383 4303 Quomodo,
1399 4227 1451 4288 in·

206 4315 270 4394 lilii,
291 4317 329 4378 ad
347 4315 487 4378 mandata
501 4313 646 4376 seruanda
664 4331 806 4374 movesn-
846 4311 922 4392 quit,
932 4311 1143 4374 convertimini
1154 4312 1314 4373 iterumad
1326 4313 1449 4389 infirmo

208 4409 277 4475 tnr;
299 4419 353 4478 seu
370 4400 400 4461 in
421 4399 485 4476 lege
500 4397 598 4460 ueteri
618 4396 808 4477 praevalebat
845 4406 870 4456 et
882 4413 974 4474 epona
991 4395 1143 4469 elemento,
1160 4395 1266 4474 quibus
1277 4395 1373 4456 doario
1386 4409 1449 4453 scr-

205 4481 306 4562 timor,
322 4485 354 4545 in
372 4484 437 4560 lege
456 4500 531 4544 noua
542 4481 694 4564 praevalet
707 4498 804 4558 arnor,
845 4480 910 4541 oiro
935 4479 1048 4542 oudb‘l
1065 4487 1096 4540 et
1112 4496 1233 4540 rursum
1255 4492 1286 4552 u,
1309 4477 1322 4536 l
1338 4495 1347 4537 s
1368 4475 1449 4537 Stuta

844 4571 871 4624 ct
890 4563 981 4624 notite
998 4564 1106 4624 iterium
1124 4562 1196 4642 lupo
1210 4558 1363 4621 servitutis
1379 4575 1449 4620 ron·

236 4663 499 4736 (r)lt.l’etr.1,'t.,
845 4646 948 4709 lineri.
968 4644 1162 4725 Euangelium
1186 4643 1310 4723 insuper
1337 4640 1449 4704 dicitur
