3700 5659
736 571 831 615 carur
846 573 873 614 r.
1330 562 1389 625 119

216 675 320 738 bromm
349 666 588 750 prohibitorum,
613 683 701 746 quam
734 665 784 726 ubi
827 665 909 727 mnia
930 668 1072 747 praestari
1093 678 1248 750 nequeunt
1263 671 1320 732 nisi
1340 689 1393 752 per
1407 671 1434 732 i-

221 777 267 819 non
282 755 360 831 riget.
373 750 402 813 Si
412 752 594 832 comparatio
612 750 787 811 instituatur
827 768 950 831 psorum
971 750 1117 814 librorum
1136 753 1308 816 lectionem.
1340 755 1431 816 5011-

220 845 281 904 inter
294 837 419 915 regiones
435 834 663 916 protestantium
687 843 786 895 6166-
827 834 940 915 indque
957 835 1081 915 accedit,
1096 837 1188 918 quod,
1210 839 1279 900 dum
1300 839 1430 918 haereti·

222 924 386 996 bolborum,
398 918 640 1001 deprehenditur,
658 937 717 979 non
734 917 788 978 mi·
828 917 856 978 ci
884 937 1002 981 errores
1032 939 1103 982 suos
1136 921 1315 1001 adstruunt,
1336 925 1431 985 multa

220 1008 367 1069 nnsllorere
383 1003 556 1065 litterariam
570 1001 786 1082 rempublicam
830 1001 947 1064 tradant
965 1023 1043 1083 quae
1063 1005 1100 1066 ad
1119 1007 1351 1069 confirmandam
1376 1026 1430 1068 ve·

218 1091 350 1169 doctisque
363 1107 396 1149 ac
414 1086 540 1164 eruditis
554 1086 626 1147 riris
645 1086 786 1147 refertam
827 1086 945 1147 ritatem
963 1088 1042 1148 haud
1061 1108 1164 1169 parum
1194 1092 1369 1168 conferunt,
1392 1091 1429 1152 ad

219 1177 266 1236 sire
283 1175 309 1234 in
324 1173 369 1234 his
384 1171 444 1233 sive
462 1172 493 1232 16
513 1171 582 1232 aliis
599 1170 785 1249 regionibus.
828 1169 1015 1232 adversarios
1026 1173 1431 1252 convincendosvelarguen·

219 1259 281 1319 ldem
298 1257 341 1318 dic
358 1257 393 1317 de
410 1273 568 1337 progressu
589 1254 618 1315 in
639 1254 784 1331 mathesi,
828 1254 881 1314 dos
898 1273 932 1314 ea
952 1257 1118 1333 concessis,
1139 1259 1183 1319 vel
1207 1258 1244 1320 ad
1274 1259 1428 1320 contradi-

220 1340 387 1416 astrouomia,
406 1338 540 1422 physica,
556 1338 703 1412 chimica,
727 1356 787 1398 rue·
827 1339 956 1399 ctionem
976 1349 1028 1400 aut
1046 1341 1261 1404 absurditatem
1277 1344 1308 1404 in
1323 1362 1427 1404 eorum

218 1427 311 1503 dioina,
327 1423 509 1506 physiologia
539 1422 667 1503 aliisque
695 1421 787 1482 disci·
828 1421 914 1483 dictis
930 1423 1179 1504 patefaciendam.
1214 1427 1246 1488 6ο
1260 1425 1290 1488 ld
1307 1427 1427 1508 quidem

217 1510 297 1588 pllnis,
314 1507 434 1590 perinde
453 1527 488 1569 ac
506 1506 537 1568 in
561 1525 595 1568 re
611 1525 714 1588 prosse
734 1506 787 1567 lit·
828 1506 999 1568 confirmari
1017 1518 1117 1588 posset
1141 1511 1276 1591 exemplo
1294 1521 1427 1572 veterum

217 1594 304 1655 teraria
317 1593 374 1674 (l).
828 1599 959 1670 patrum,
976 1591 1028 1672 qui
1043 1602 1175 1654 versatos
1187 1613 1253 1655 sese
1269 1595 1430 1656 ostendunt

250 1678 311 1738 uba.
329 1677 371 1738 lld
388 1676 419 1737 l.
442 1677 482 1738 N.
510 1673 669 1754 Nunquam
707 1671 786 1735 euim
828 1675 857 1734 in
878 1675 1097 1738 baereticorum
1119 1677 1217 1739 libris.
1239 1677 1318 1750 Quin
1340 1679 1427 1741 etiam

215 1779 268 1822 rora
290 1761 388 1839 religio
415 1759 517 1822 timuit
548 1757 787 1820 adversariorum
827 1759 937 1820 concil.
972 1760 1211 1838 carthaginiense
1244 1779 1284 1839 ov,
1305 1781 1371 1845 cap.
1391 1765 1428 1824 16

216 1845 270 1923 tela,
284 1865 354 1926 quae
372 1851 517 1926 perpetuo
530 1842 652 1903 retudit.
672 1841 731 1902 Nec
752 1861 787 1904 6-
828 1843 980 1924 praecepit
996 1844 1144 1926 episcopis
1167 1853 1200 1907 ut
1230 1847 1323 1908 libros
1353 1849 1428 1909 hae·
1484 1838 1494 1884 ⁴

216 1927 261 1989 uim
276 1929 381 1990 ueritas
395 1929 434 1989 ab
454 1945 557 1989 errore
568 1925 683 2005 aliquid
699 1926 788 1988 hahet
828 1927 990 1988 reticorum
1017 1929 1151 2006 legerent
1176 1947 1230 2010 pro
1250 1932 1428 1993 necessitate
1477 1941 1481 1947 ’

212 2012 481 2090 pertimescendum
502 2018 549 2073 ast
584 2010 670 2072 valde
703 2009 788 2072 timet
828 2011 983 2092 temporis.
1008 2011 1095 2089 Ergo.

216 2094 789 2174 infirmitatemlectorumeornmqueim·
870 2093 1110 2176 6011166611.
1133 2093 1215 2166 Quae
1231 2105 1330 2159 tamen
1358 2116 1426 2160 cum

214 2180 324 2256 peritiam
343 2182 373 2242 in
389 2179 629 2262 sophismatibus
645 2178 786 2254 detegen-
828 2197 886 2237 nou
910 2178 1015 2256 exigno
1034 2179 1212 2241 detrimento
1238 2201 1273 2243 ac
1292 2181 1426 2262 periculo

213 2263 256 2339 dis,
268 2265 405 2327 delectum
430 2263 619 2326 necessariae
643 2261 785 2324 scientiae
828 2262 988 2324 coniuncta
1006 2272 1085 2340 sunt,
1106 2265 1169 2341 Tr.;
1195 2283 1272 2344 quae
1291 2284 1360 2328 cum
1380 2267 1427 2329 his

214 2349 420 2427 acemditiouis‚
438 2367 499 2410 non
512 2346 695 2425 6616166116,
710 2365 787 2427 quae
828 2365 887 2408 uon
907 2347 1141 2426 coniunguntur,
1163 2349 1202 2412 N.

214 2430 266 2492 insit
280 2433 306 2493 in
323 2433 473 2496 eiusmodi
484 2431 582 2509 libris,
593 2439 645 2493 aut
656 2430 785 2512 pondus.
870 2431 944 2493 605.
965 2430 1009 2492 ad
1023 2433 1051 2492 l.
1070 2432 1157 2514 proh.
1172 2434 1209 2495 ll.
1230 2429 1314 2496 Malis
1332 2441 1429 2496 6166-

212 2511 234 2573 Si
246 2535 334 2579 omnes
354 2517 436 2579 bona
457 2517 514 2578 fide
529 2516 688 2597 pollerent,
707 2514 787 2576 docti
826 2512 883 2576 riis
902 2515 1066 2596 permixta,
1092 2517 1142 2587 ca
1160 2515 1225 2578 sine
1244 2517 1300 2579 hac
1313 2519 1428 2600 permi-

211 2616 263 2659 rere
275 2620 304 2662 ac
322 2601 432 2664 eruditi
454 2609 566 2676 essent,
586 2598 719 2660 veritatis
737 2599 786 2660 lux
827 2597 941 2676 atione,
959 2601 998 2665 N.
1015 2599 1173 2681 Nunquam
1191 2601 1270 2662 euim
1283 2602 1344 2664 sive
1358 2603 1428 2664 hae·

212 2681 278 2759 longe
292 2687 382 2765 magis
411 2685 488 2767 ipsis
520 2683 678 2762 affulgeret
709 2683 788 2745 iuter
826 2683 912 2744 retici
937 2683 998 2745 sive
1018 2683 1165 2745 increduli
1196 2703 1343 2746 venenum
1373 2707 1429 2767 po·

208 2785 320 2831 erromm
335 2769 489 2832 tenebras.
826 2785 892 2827 rum
920 2767 1080 2847 propinare
1108 2778 1350 2848 consueverunt,
1375 2769 1428 2832 sed

243 2854 303 2914 603.
326 2853 375 2916 lll.
393 2851 465 2916 Obi.
484 2869 544 2913 non
557 2869 651 2933 panca
667 2851 786 2913 emolu·
826 2858 859 2910 ut
876 2850 1041 2931 plurimum
1057 2851 1094 2913 ad
1121 2849 1297 2914 alliciendos
1319 2852 1427 2915 incau-

212 2947 291 2998 nenta
317 2957 350 3000 eu
384 2938 535 2999 librorum
565 2936 784 2997 haereticorum
826 2942 872 2994 tos
887 2953 947 2995 uon
966 2953 1061 3016 pauca
1080 2935 1166 2996 docta
1180 2953 1214 2996 ac
1234 2936 1351 2998 erudita
1363 2938 1428 3000 suis

210 3015 312 3083 lectione
326 3021 486 3104 provenire
503 3028 641 3102 possunt.
661 3019 733 3080 Nam
756 3021 786 3079 l⁰
824 3015 1087 3080 lucubrationibus
1118 3018 1288 3097 adiiciunt,
1315 3021 1428 3101 quibus
1480 3045 1481 3050 ¹

210 3102 304 3167 etiamsi
322 3107 352 3168 in
367 3107 497 3168 istorum
513 3103 599 3166 libris
627 3104 713 3185 plura
732 3103 786 3164 161-
826 3109 968 3184 tanquam
985 3101 1283 3184 retibusautlaqueis
1292 3104 1429 3168 irretiant

207 3201 232 3244 sa
250 3189 301 3252 siut
322 3211 356 3253 ac
385 3209 538 3266 erronea,
563 3198 662 3250 tamen
691 3187 785 3249 multa
825 3204 861 3246 ac
883 3185 1034 3269 decipiant
1052 3186 1176 3269 suisque
1204 3188 1359 3252 erroribus
1378 3191 1428 3252 in·

208 3285 259 3332 uera
274 3283 299 3336 et
315 3274 467 3338 interdum
482 3274 568 3336 docta
580 3282 609 3334 et
624 3271 740 3334 erudita
754 3271 785 3332 in
826 3269 928 3333 llciaut
942 3271 1069 3334 lectores
1080 3291 1163 3347 suos,
1177 3272 1251 3354 quin
1267 3274 1356 3336 etiam
1377 3276 1428 3337 lu·

207 3350 235 3413 iis
249 3361 460 3436 continentur;
492 3359 524 3419 2⁰
546 3365 705 3439 propterea
728 3375 785 3417 ne·
826 3362 892 3416 cato
912 3356 987 3436 stylo
1007 3365 1036 3418 et
1055 3355 1183 3435 eleganti
1198 3356 1228 3418 iu
1245 3358 1373 3420 eundem
1390 3360 1429 3420 fi-

207 3453 300 3513 queunt
321 3443 471 3507 eradicari
491 3441 624 3518 zizania,
653 3459 690 3501 ne
709 3441 785 3502 sorte
825 3457 893 3501 uem
909 3439 947 3502 ad
965 3439 1122 3517 legendum
1141 3439 1288 3502 alliciunt.
1305 3441 1428 3506 Interim

206 3523 783 3592 rumillaeradicetursimulettriticum.
825 3521 940 3585 incauti
967 3523 1128 3604 capiuntur
1165 3542 1200 3584 ac
1229 3524 1425 3586 seducuntur.

207 3603 230 3661 3ο
242 3606 318 3678 Quod
333 3612 458 3693 quidem
478 3611 633 3672 conforme
646 3616 692 3670 est
709 3610 786 3690 Apo·
824 3604 972 3676 Quocirca
990 3609 1035 3669 vel
1054 3606 1134 3688 apud
1155 3607 1299 3688 probatos
1317 3617 1427 3671 aucto·

203 3691 257 3753 uoti
281 3696 406 3758 consilio
436 3695 461 3757 l.
481 3695 587 3756 Thess.
608 3709 639 3771 v,
658 3693 721 3754 211
748 3693 786 3757 0-
825 3708 874 3752 res
886 3691 961 3752 baec
973 3690 1038 3773 ipsa
1052 3689 1256 3772 conquirenda
1266 3700 1348 3769 sunt,
1367 3694 1425 3772 661,

204 3778 271 3838 onnia
280 3783 416 3858 probote;
434 3781 513 3860 quod
534 3780 644 3841 bonnm
661 3785 717 3855 eat,
740 3785 783 3839 te·
824 3773 851 3835 si
869 3775 922 3855 qui
942 3784 1022 3853 sunt,
1043 3775 1154 3856 quihus
1172 3774 1257 3836 utilia
1275 3774 1429 3839 istiusmo-

203 3867 272 3937 nem
304 3865 336 3925 l⁰
369 3865 470 3927 eovel
496 3863 610 3940 magis,
640 3861 720 3942 quod
748 3860 785 3922 ad
824 3857 855 3919 di
873 3859 1025 3921 volumina
1046 3878 1113 3922 esse
1131 3858 1265 3940 possint,
1293 3861 1428 3938 legitima

203 3941 786 4011 refellendosnaerericosnecessesirco·
824 3941 968 4006 facultate
985 3962 1018 4006 se
1037 3943 1253 4022 communiant,
1275 3953 1308 4006 ut
1320 3944 1426 4008 iisdem

202 4037 254 4088 ttm
274 4047 390 4095 errores
419 4047 601 4110 cognoscere
624 4047 659 4092 ac
674 4027 784 4090 lunda·
824 4026 867 4087 uti
886 4028 1016 4091 valeant.

203 4121 305 4192 neate,
325 4117 440 4198 quihus
466 4116 653 4189 innituntur,
679 4122 712 4175 ut
729 4111 784 4174 de·
868 4111 942 4175 606.
962 4112 1006 4174 Ad
1028 4113 1059 4173 1.
1082 4113 1120 4175 D.
1146 4109 1176 4174 si
1200 4130 1254 4192 per
1288 4114 1427 4194 prohibi-

200 4197 260 4256 strui
272 4202 397 4278 possint,
411 4200 583 4281 quibusque
598 4196 784 4275 argumentis
825 4194 938 4258 tionem
959 4196 1185 4260 eradicarentur
1198 4197 1329 4258 triticum
1345 4207 1374 4260 et
1388 4200 1429 4260 zi·

199 4279 359 4346 catholicam
370 4287 526 4346 veritatem
543 4284 730 4364 impugnent,
751 4290 784 4342 ut
822 4279 919 4357 rania,
944 4283 993 4357 C.;
1014 4281 1039 4342 si
1062 4289 1177 4342 tantum
1196 4291 1349 4343 avertatur
1376 4303 1427 4346 se-

199 4357 233 4420 616
244 4368 333 4444 possit
349 4368 538 4450 responderi:
556 4368 631 4430 haec
648 4383 738 4450 porro
751 4384 784 4427 o-
823 4362 976 4426 dnctionis
994 4365 1176 4447 periculum,
1199 4365 1239 4427 N.

224 4509 330 4575 lllSatis
344 4525 382 4568 est
393 4533 546 4585 percurrero
568 4531 645 4585 opera
666 4514 703 4567 lo.
725 4514 781 4567 An·
822 4530 883 4575 cua,
913 4513 967 4564 sive
985 4513 1117 4564 historiam
1147 4511 1296 4563 litterariam
1314 4512 1428 4564 cuiusvis

196 4569 253 4652 dllb
280 4582 452 4648 Tirahoschi,
480 4595 582 4653 practer
616 4581 782 4634 bibliothecas
821 4581 919 4633 ordinis
938 4583 1086 4648 regularis,
1110 4590 1140 4633 ut
1166 4579 1192 4630 id
1210 4587 1332 4646 appareat
1350 4580 1429 4632 lucu·
1501 4599 1507 4604 ·

194 4643 239 4717 lura
250 4651 395 4715 orationales,
409 4661 463 4704 tnm
476 4651 645 4722 provinciales
655 4651 782 4702 uniuscu·
822 4649 972 4701 lentissima.

190 4719 405 4798 klinquereglonia,
419 4737 527 4773 necnon
540 4721 637 4789 amplas
646 4718 783 4770 bibliothe-
