3700 5659
761 494 858 542 CAPUT
875 495 906 542 t.
1374 489 1413 551 73

250 597 332 660 285.
356 593 396 658 El
422 593 496 655 haee
522 589 559 652 de
582 598 650 653 actu
670 588 739 652 lidei
761 588 817 652 de·
856 587 1008 666 liniamus,
1043 586 1206 668 habemus,
1242 611 1309 656 enm
1330 613 1454 678 perspe-

200 702 277 764 qne
295 676 440 762 proximis
454 675 521 739 eius
537 672 665 756 praeriis
684 673 816 754 disposi·
857 681 936 734 ctum
952 689 1044 753 penes
1066 691 1172 737 omues
1191 675 1249 755 sit,
1269 677 1407 744 absolute
1425 681 1455 742 id

204 766 358 829 tionibus
371 760 443 824 setis
457 760 539 822 diota
554 766 636 820 sunit.
655 755 741 829 Quod
751 777 819 838 spe·
856 775 917 819 non
936 775 1114 838 repugnare.

201 860 272 913 utut
291 847 333 910 ed
348 845 419 910 lidei
443 843 614 906 subiectum
638 841 722 906 etad
749 842 816 905 eins
897 840 972 902 288.
992 840 1075 904 Nunc
1094 841 1130 904 de
1148 843 1304 908 edentibus
1319 857 1404 910 aetus
1423 850 1456 909 d·

206 937 353 1008 ellentne,
377 928 507 1012 prolixas
528 928 626 990 solent
644 925 814 990 scholastici
855 923 914 988 dei.
936 923 1114 1005 Multiplices
1130 926 1161 988 hi
1178 940 1454 994 numerantnrmu-

202 1015 431 1099 disputationes
448 1021 567 1087 texere3
586 1009 761 1074 uobissatis
775 1010 816 1073 sit
854 1009 933 1071 mles
952 1009 1087 1086 edendus,
1105 1020 1193 1089 prout
1207 1011 1326 1076 diversa
1339 1016 1455 1078 ratione

202 1117 403 1164 communem
418 1096 585 1160 doctrinam
596 1094 755 1174 attingere,
775 1114 814 1158 ne
854 1109 906 1154 eos
915 1092 1064 1174 producit.
1084 1093 1201 1157 Etenim
1219 1095 1369 1161 interdurn
1386 1120 1456 1182 puo-

201 1189 280 1249 hden
296 1181 422 1247 denitus
442 1180 609 1258 ignoretur.
852 1177 934 1238 ducit
951 1196 1005 1257 per
1026 1177 1146 1240 modom
1167 1179 1371 1261 dispositionis
1391 1194 1452 1246 turn

244 1271 328 1332 286.
352 1266 469 1348 ltaque,
490 1269 652 1346 praeeunte
669 1261 812 1340 Angelioo
851 1261 1005 1341 proximae
1020 1270 1082 1324 tum
1097 1265 1455 1346 remotae3proximedis·

200 1355 350 1432 doctore,
371 1367 495 1432 capaces
512 1347 581 1410 ddei
596 1355 667 1410 sunt
683 1346 813 1410 uiatores
851 1343 936 1425 ponit
953 1345 991 1406 ad
1010 1345 1145 1408 habitum
1167 1347 1254 1426 ddei3
1280 1361 1395 1413 remote
1417 1354 1454 1414 nd

202 1457 334 1514 ornnes,
353 1435 420 1497 sive
437 1431 535 1510 angeli
564 1430 626 1494 sive
659 1429 809 1508 hominem
852 1437 943 1492 totam
962 1428 1120 1509 iustitiam:
1143 1432 1255 1511 quade
1271 1452 1361 1496 eausa
1380 1455 1454 1498 con-

203 1523 351 1585 homiues
365 1536 455 1600 porro
472 1517 677 1596 aliquosensu
688 1533 814 1577 censen·
851 1513 901 1574 cil.
919 1512 1001 1574 Trid.
1018 1514 1105 1576 ddem
1126 1525 1211 1578 vocnt
1226 1517 1452 1582 fundumentum

204 1618 254 1669 tur
272 1606 308 1667 in
334 1600 505 1686 purgatorio
522 1598 648 1677 detenti,
663 1606 812 1680 quatenns
851 1596 985 1660 institiae
996 1598 1056 1678 (ὃ).
1074 1597 1226 1662 Interdum
1250 1602 1389 1682 producit
1403 1623 1457 1685 per

204 1692 361 1754 iustorum
380 1683 648 1766 uimeenpatrin
667 1682 812 1745 adhuoe·
853 1681 977 1744 modum
1008 1682 1123 1761 meriti,
1145 1685 1314 1764 etquidem
1338 1687 1367 1748 in
1397 1688 1455 1750 ho-

203 1776 328 1851 xnlant,
348 1789 429 1852 qnae
449 1769 548 1832 adhue
581 1765 737 1830 ambulant
760 1785 814 1847 per
853 1765 934 1828 mine
951 1765 1030 1828 iusto
1051 1767 1087 1828 de
1109 1768 1274 1847 condigno,
1296 1771 1326 1831 in
1346 1790 1454 1852 pecca-

205 1861 297 1920 lidem
319 1856 381 1937 (l).
410 1852 498 1926 Quod
527 1870 597 1914 nero
631 1858 746 1932 spectat
775 1850 813 1914 ad
854 1857 919 1912 tore
938 1849 974 1912 de
993 1868 1137 1927 congruo.
1166 1851 1296 1914 Rursum
1330 1857 1455 1918 ellectns

206 1945 465 2017 lentescentem
483 1946 545 2011 est,
566 1934 603 1998 de
622 1935 669 1996 uin
689 1934 813 1997 ordina·
842 1933 991 2015 producit
1009 1953 1062 2015 per
1079 1934 1201 1996 modum
1222 1937 1452 2018 impetrationis,

207 2029 252 2089 ria
269 2043 337 2088 non
356 2021 487 2103 amplios
504 2021 536 2082 in
567 2019 641 2101 ipsis
659 2037 747 2100 posse
768 2018 816 2080 in·
855 2017 903 2079 oui
915 2017 1033 2080 ellectui
1043 2018 1218 2080 tribuuntur
1233 2019 1379 2084 miracula
1394 2023 1455 2084 imo

207 2110 305 2173 ueniri
324 2117 423 2170 netum
443 2104 511 2168 lidei
528 2104 665 2180 intusne,
681 2103 763 2166 iuxta
780 2103 816 2165 il·
855 2110 885 2164 et
912 2102 1035 2164 ellectus
1053 2119 1158 2165 omnes
1178 2103 1333 2166 orationis.
1366 2106 1454 2168 lnsu-

207 2196 258 2257 lud
278 2190 437 2275 Apostoli:
470 2191 546 2253 Cum
580 2189 708 2264 venerit,
739 2188 817 2268 prend
854 2205 908 2267 per
923 2185 1051 2248 maxime
1066 2195 1220 2268 promovet
1235 2197 1265 2250 et
1283 2189 1391 2252 excitet
1406 2211 1456 2253 vo·

208 2281 374 2358 perfeetum
393 2284 433 2338 est
451 2273 660 2350 eeneouditur,
684 2274 762 2349 estod
778 2291 816 2336 eu
855 2271 1001 2332 luntntem
1020 2271 1057 2332 ad
1072 2280 1157 2333 notus
1173 2271 1269 2335 honos
1283 2292 1318 2334 oc
1336 2284 1455 2338 sanctos

209 2375 293 2442 porte
317 2372 359 2424 est
380 2360 441 2440 (ἓ),
468 2367 499 2420 et
521 2357 653 2420 iterum:
681 2357 817 2419 Videmus
854 2355 1079 2436 persequendos
1095 2357 1287 2438 proponendo
1308 2377 1455 2440 superna-

212 2467 293 2510 nune
312 2464 372 2526 per
396 2444 547 2524 speculum
565 2442 599 2504 in
627 2443 814 2520 aenipedum,
855 2438 965 2501 toralia
984 2439 1113 2517 obiecta,
1139 2459 1218 2521 qnae
1242 2461 1379 2520 magnam
1397 2444 1455 2505 vim

212 2543 282 2593 tuoto
299 2538 404 2592 nutem
417 2528 494 2608 [noio
510 2527 549 2588 od
562 2525 741 2607 societte).
759 2522 815 2587 Ubi
855 2523 1206 2587 habentadvoluutatem
1217 2525 1247 2586 in
1265 2527 1375 2589 bonum
1390 2548 1456 2616 per-

214 2625 314 2678 untem
333 2614 418 2675 clara
432 2610 562 2673 hahetur
587 2607 662 2671 nisio
682 2609 815 2689 prolecto
856 2607 1054 2685 movendam
1088 2625 1148 2690 qun
1172 2611 1228 2688 llt,
1252 2619 1286 2672 ut
1304 2611 1377 2674 fides
1396 2633 1456 2674 non

215 2700 287 2761 ddes
309 2700 413 2760 lucum
431 2694 543 2758 habere
559 2693 678 2774 nequit.
698 2691 763 2754 llixi
779 2692 816 2756 de
856 2701 972 2754 tantum
992 2692 1086 2754 virtus
1110 2694 1292 2774 speculativa
1314 2695 1368 2774 sit,
1404 2697 1456 2759 sed

215 2785 260 2845 uie
271 2779 443 2857 ordinarie3
457 2797 525 2841 nem
539 2797 600 2840 non
612 2778 718 2839 desunt
735 2777 817 2839 then·
856 2776 944 2839 etiam
965 2775 1106 2858 practice.

220 2868 286 2945 logi,
307 2866 361 2948 qui
384 2872 538 2940 censeant,
559 2861 596 2924 de
615 2861 748 2943 potentie
762 2861 816 2922 llei
897 2860 971 2921 ted.
992 2859 1151 2922 Praetereo
1173 2861 1241 2923 fidei
1260 2871 1306 2924 est
1324 2863 1455 2926 excitare

225 2950 357 3014 elsolnta
368 2967 457 3030 posse
474 2947 562 3010 fldem
579 2955 610 3008 et
625 2945 771 3006 visionem
786 2945 816 3006 in
856 2942 1007 3020 timorem,
1027 2943 1098 3006 dum
1117 2945 1232 3008 divinus
1244 2948 1456 3009 domininatio-

221 3035 317 3098 eodem
332 3033 473 3096 subiecto
490 3031 653 3094 cohaerere
667 3031 729 3110 (d).
856 3046 910 3089 nes
931 3027 1091 3109 proponit:
1120 3047 1174 3091 nec
1196 3031 1292 3092 solum
1319 3031 1455 3093 timorem

257 3120 330 3181 287.
353 3117 396 3180 lle
415 3115 563 3178 damnetis
596 3113 709 3196 pariter
739 3132 815 3175 oon·
856 3111 1005 3189 servilem,
1028 3113 1197 3174 cuiusmodi
1213 3123 1259 3176 est
1273 3116 1324 3196 qui
1336 3135 1389 3196 pro
1405 3117 1458 3177 ob-

216 3204 350 3266 sentinnt
364 3200 508 3278 theologi,
533 3198 638 3280 paucis
660 3199 815 3276 refragari·
856 3194 934 3256 iectu
950 3215 1076 3278 poenum
1096 3197 1204 3276 hehet,
1228 3216 1332 3260 verum
1354 3201 1455 3279 etiam,

216 3287 307 3364 tibus,
332 3286 450 3347 nullum
465 3285 497 3345 in
518 3283 579 3344 illis
593 3300 660 3344 esse
678 3290 729 3343 ant
748 3301 815 3344 esse
855 3278 917 3341 imo
934 3281 1137 3361 potissimum,
1160 3283 1298 3345 timorem
1321 3284 1455 3362 filialem,

215 3391 302 3451 posse
316 3379 420 3433 aetum
438 3385 526 3430 verne
540 3366 610 3430 fidoi
628 3365 748 3431 inlusos
762 3384 816 3428 seu
856 3363 909 3444 qui
928 3365 1120 3443 coniungitur
1137 3386 1204 3428 cnm
1228 3367 1351 3430 caritate
1369 3378 1399 3430 et
1424 3389 1459 3430 ex

214 3452 470 3537 supernaturalis,
491 3452 596 3515 saltem
622 3450 658 3512 de
683 3450 815 3532 potentia
855 3467 892 3510 en
909 3449 1053 3512 nascitur.
1071 3448 1120 3511 Sic
1138 3452 1228 3514 etium
1245 3451 1317 3513 sides
1344 3453 1458 3534 produ-

215 3537 387 3616 ordiunria3
409 3535 544 3599 destituti
573 3535 722 3616 siquidem
747 3543 817 3597 sunt
856 3531 899 3593 nit
914 3551 998 3613 spem
1019 3543 1160 3614 tanquam
1174 3536 1328 3616 proprium
1338 3537 1404 3598 eius
1418 3538 1460 3598 el-

215 3623 359 3685 omnibus
378 3620 492 3699 gratioe
508 3619 639 3697 auxiliis,
658 3619 723 3681 siue
746 3619 817 3700 qui·
857 3615 981 3694 lectum,
999 3616 1069 3678 dum
1085 3619 1186 3680 lutura
1202 3618 1280 3680 bone
1300 3619 1338 3682 ob
1355 3622 1459 3681 oeulos

216 3705 361 3769 busnera
382 3705 455 3767 tides
474 3723 534 3766 non
563 3709 661 3785 potest
693 3702 815 3782 haberi,
858 3700 943 3782 ponit
961 3700 1005 3762 uti
1023 3700 1172 3763 bonorum
1190 3719 1313 3783 opernm
1342 3701 1458 3765 merce-

215 3793 298 3853 unlla
313 3791 346 3851 in
364 3789 438 3871 ipsis
456 3797 502 3850 est
520 3788 568 3868 pia
585 3787 703 3849 allectio
722 3797 752 3849 et
766 3788 820 3848 lm·
858 3784 926 3846 dem
946 3793 975 3846 et
994 3785 1136 3864 lructum,
1158 3787 1238 3848 iuxta
1257 3787 1391 3850 eiusdem
1422 3787 1459 3848 ll-

216 3887 302 3938 unste
319 3875 471 3935 volumtas.
504 3870 629 3954 Siquid
649 3872 740 3948 igitur
756 3890 821 3933 cre·
859 3869 908 3931 dei
922 3869 1141 3947 definitionem,
1155 3889 1246 3952 quam
1266 3871 1401 3932 exhibuit
1418 3871 1460 3934 Α-

214 3959 300 4036 dunt,
324 3958 384 4020 ude
401 3966 516 4019 tentum
533 3957 664 4019 naturali
674 3966 765 4036 etque
784 3975 819 4018 ex
860 3954 997 4037 postolos
1014 3952 1105 4016 Hebr.
1120 3973 1160 4031 m,
1176 3961 1204 4031 l,
1220 3973 1309 4035 quam
1322 3957 1462 4037 superius

215 4041 366 4105 euidentia
400 4041 556 4120 signorum
587 4039 619 4102 id
653 4049 817 4121 praestent.
860 4036 1252 4102 enucleavimus-'lienum
1284 4039 1343 4102 vim
1373 4041 1463 4103 hebet

214 4123 300 4197 duod
323 4125 415 4188 etiam
432 4126 470 4186 de
498 4124 698 4186 doemonibus
718 4132 821 4185 tenen·
860 4123 935 4184 lidos
955 4123 1131 4203 purificandi
1150 4141 1222 4202 eor,
1241 4143 1300 4186 non
1327 4145 1348 4204 tp
1382 4125 1461 4204 dem,

215 4210 285 4272 dum
305 4229 396 4286 esse,
413 4209 504 4292 paulo
524 4218 592 4270 ente
612 4208 743 4270 diximus
756 4208 817 4289 (5).
861 4214 951 4288 prout
965 4214 1124 4269 autumant
1135 4208 1279 4270 haeretici
1293 4219 1463 4290 protestan-

216 4291 260 4356 Ile
272 4293 406 4377 potentia
418 4291 558 4357 absoluta
570 4291 660 4372 nihil,
674 4291 755 4373 quod
769 4292 821 4356 nd·
862 4299 919 4368 tes,
943 4289 1117 4354 immediate
1135 4301 1166 4356 et
1182 4293 1350 4356 formaliter
1369 4293 1465 4356 homi·

215 4443 287 4561 11(16)
309 4443 350 4496 Cl.
376 4429 489 4506 Soura,
520 4440 617 4510 disput.
639 4447 760 4506 heret.
782 4447 819 4507 t,
849 4423 933 4564 iustu)
956 4438 998 4493 Cl.
1030 4442 1149 4505 snum,
1177 4403 1307 4510 disput,
1336 4449 1397 4495 sset.
1428 4445 1464 4504 9,

237 4546 289 4644 'let'
308 4577 326 4631 t.
340 4577 400 4630 cro.
412 4573 486 4638 xrtt.
505 4581 549 4630 to.
568 4633 574 4640 ,
880 4541 1012 4649 'nitunt
1036 4559 1039 4568 '

254 4646 293 4714 ld)
307 4643 372 4696 tuin.
387 4661 412 4695 r.
427 4651 468 4695 tl.
907 4648 933 4711 d)
947 4646 1013 4696 Sese.
1027 4646 1054 4706 6,
1071 4659 1128 4710 cop.
1147 4646 1162 4693 ‘l
1176 4651 1202 4694 nt
1214 4645 1240 4696 ⁸.

301 4742 452 4820 lizenone,
475 4744 519 4806 lle
539 4743 705 4806 Virtutibus
1179 4807 1183 4814 ,
1362 4743 1382 4804 l
