<?xml version="1.0" encoding="UTF-8"?>
<!DOCTYPE html PUBLIC "-//W3C//DTD XHTML 1.0 Transitional//EN"
    "http://www.w3.org/TR/xhtml1/DTD/xhtml1-transitional.dtd">
<html xmlns="http://www.w3.org/1999/xhtml" xml:lang="en" lang="en">
 <head>
  <title>
</title>
<meta http-equiv="Content-Type" content="text/html;charset=utf-8" />
  <meta name='ocr-system' content='tesseract 3.04.00' />
  <meta name='ocr-capabilities' content='ocr_page ocr_carea ocr_par ocr_line ocrx_word'/>
</head>
<body>
  <div class='ocr_page' id='page_1' title='image "./praelectionesth09perrgoog/praelectionesth09perrgoog_0109.png"; bbox 0 0 3700 5659; ppageno 0'>
   <div class='ocr_carea' id='block_1_1' title="bbox 739 493 907 538">
    <p class='ocr_par' dir='ltr' id='par_1_1' title="bbox 739 493 907 538">
     <span class='ocr_line' id='line_1_1' title="bbox 739 493 907 538; baseline -0.006 -1"><span class='ocrx_word' id='word_1_1' title='bbox 739 493 835 538; x_wconf 75' lang='lat' dir='ltr'>CAPUT</span> <span class='ocrx_word' id='word_1_2' title='bbox 848 495 907 538; x_wconf 84' lang='lat' dir='ltr'>vlll.</span> 
     </span>
    </p>
   </div>
   <div class='ocr_carea' id='block_1_2' title="bbox 212 582 1565 2524">
    <p class='ocr_par' dir='ltr' id='par_1_2' title="bbox 212 582 1565 2524">
     <span class='ocr_line' id='line_1_2' title="bbox 215 582 1447 683; baseline 0.002 -38"><span class='ocrx_word' id='word_1_3' title='bbox 215 582 267 648; x_wconf 92' lang='lat' dir='ltr'>bus</span> <span class='ocrx_word' id='word_1_4' title='bbox 289 583 452 681; x_wconf 79' lang='lat' dir='ltr'>canonibus</span> <span class='ocrx_word' id='word_1_5' title='bbox 481 587 691 683; x_wconf 79' lang='lat' dir='ltr'>conciliorum,</span> <span class='ocrx_word' id='word_1_6' title='bbox 718 589 800 654; x_wconf 87' lang='lat' dir='ltr'>Gan·</span> <span class='ocrx_word' id='word_1_7' title='bbox 843 590 1008 671; x_wconf 88' lang='lat' dir='ltr'>stituatque</span> <span class='ocrx_word' id='word_1_8' title='bbox 1035 584 1223 651; x_wconf 82' lang='lat' dir='ltr'>mendacium</span> <span class='ocrx_word' id='word_1_9' title='bbox 1255 585 1285 648; x_wconf 91' lang='lat' dir='ltr'>in</span> <span class='ocrx_word' id='word_1_10' title='bbox 1305 587 1447 666; x_wconf 82' lang='lat' dir='ltr'>gravissi-</span> 
     </span>
     <span class='ocr_line' id='line_1_3' title="bbox 215 668 1447 753; baseline -0.002 -20"><span class='ocrx_word' id='word_1_11' title='bbox 215 687 330 744; x_wconf 76' lang='lat' dir='ltr'>grcnsxs.</span> <span class='ocrx_word' id='word_1_12' title='bbox 347 669 505 752; x_wconf 77' lang='lat' dir='ltr'>Ancyram,</span> <span class='ocrx_word' id='word_1_13' title='bbox 522 673 711 750; x_wconf 79' lang='lat' dir='ltr'>Illiberitani‚</span> <span class='ocrx_word' id='word_1_14' title='bbox 728 675 803 737; x_wconf 87' lang='lat' dir='ltr'>alio·</span> <span class='ocrx_word' id='word_1_15' title='bbox 843 695 893 737; x_wconf 89' lang='lat' dir='ltr'>mo</span> <span class='ocrx_word' id='word_1_16' title='bbox 915 673 1070 753; x_wconf 82' lang='lat' dir='ltr'>religionis</span> <span class='ocrx_word' id='word_1_17' title='bbox 1088 671 1208 748; x_wconf 79' lang='lat' dir='ltr'>negotio</span> <span class='ocrx_word' id='word_1_18' title='bbox 1226 690 1287 733; x_wconf 94' lang='lat' dir='ltr'>non</span> <span class='ocrx_word' id='word_1_19' title='bbox 1315 672 1380 733; x_wconf 92' lang='lat' dir='ltr'>sine</span> <span class='ocrx_word' id='word_1_20' title='bbox 1398 668 1447 731; x_wconf 92' lang='lat' dir='ltr'>in-</span> 
     </span>
     <span class='ocr_line' id='line_1_4' title="bbox 216 747 1480 849; baseline 0 -37"><span class='ocrx_word' id='word_1_21' title='bbox 216 754 405 849; x_wconf 60' lang='grc'>33333344),</span> <span class='ocrx_word' id='word_1_22' title='bbox 422 773 477 816; x_wconf 87' lang='grc'>333</span> <span class='ocrx_word' id='word_1_23' title='bbox 491 773 551 818; x_wconf 87' lang='grc'>333</span> <span class='ocrx_word' id='word_1_24' title='bbox 566 776 601 819; x_wconf 89' lang='lat' dir='ltr'>ex</span> <span class='ocrx_word' id='word_1_25' title='bbox 617 757 803 826; x_wconf 82' lang='lat' dir='ltr'>Tertulliano</span> <span class='ocrx_word' id='word_1_26' title='bbox 842 759 922 837; x_wconf 80' lang='lat' dir='ltr'>genti</span> <span class='ocrx_word' id='word_1_27' title='bbox 944 758 995 820; x_wconf 81' lang='lat' dir='ltr'>hei</span> <span class='ocrx_word' id='word_1_28' title='bbox 1014 757 1136 818; x_wconf 91' lang='lat' dir='ltr'>iniuria:</span> <span class='ocrx_word' id='word_1_29' title='bbox 1155 755 1235 836; x_wconf 90' lang='lat' dir='ltr'>quod</span> <span class='ocrx_word' id='word_1_30' title='bbox 1251 747 1388 838; x_wconf 86' lang='lat' dir='ltr'>apprime</span> <span class='ocrx_word' id='word_1_31' title='bbox 1403 755 1450 818; x_wconf 92' lang='lat' dir='ltr'>in·</span> <span class='ocrx_word' id='word_1_32' title='bbox 1478 808 1480 812; x_wconf 87' lang='lat'>.</span> 
     </span>
     <span class='ocr_line' id='line_1_5' title="bbox 216 835 1565 936; baseline 0.001 -37"><span class='ocrx_word' id='word_1_33' title='bbox 216 857 246 899; x_wconf 87' lang='lat' dir='ltr'>ac</span> <span class='ocrx_word' id='word_1_34' title='bbox 265 838 418 919; x_wconf 76' lang='lat' dir='ltr'>Cppnano.</span> <span class='ocrx_word' id='word_1_35' title='bbox 493 923 501 936; x_wconf 42' lang='lat'><strong>·</strong></span> <span class='ocrx_word' id='word_1_36' title='bbox 843 842 955 906; x_wconf 84' lang='lat' dir='ltr'>telleait</span> <span class='ocrx_word' id='word_1_37' title='bbox 976 841 1158 904; x_wconf 81' lang='lat' dir='ltr'>fortissimus</span> <span class='ocrx_word' id='word_1_38' title='bbox 1187 840 1368 918; x_wconf 81' lang='lat' dir='ltr'>Eleazarus,</span> <span class='ocrx_word' id='word_1_39' title='bbox 1398 835 1447 902; x_wconf 82' lang='lat' dir='ltr'>ciui</span> <span class='ocrx_word' id='word_1_40' title='bbox 1562 908 1565 916; x_wconf 31' lang='lat'>¹</span> 
     </span>
     <span class='ocr_line' id='line_1_6' title="bbox 251 919 1445 1018; baseline 0.001 -35"><span class='ocrx_word' id='word_1_41' title='bbox 251 923 318 984; x_wconf 85' lang='grc'>309.</span> <span class='ocrx_word' id='word_1_42' title='bbox 340 926 372 1018; x_wconf 96' lang='grc'>4.</span> <span class='ocrx_word' id='word_1_43' title='bbox 393 923 516 986; x_wconf 78' lang='lat' dir='ltr'>Accedit</span> <span class='ocrx_word' id='word_1_44' title='bbox 531 925 577 986; x_wconf 91' lang='lat' dir='ltr'>vel</span> <span class='ocrx_word' id='word_1_45' title='bbox 595 923 661 1007; x_wconf 89' lang='lat' dir='ltr'>ipsa</span> <span class='ocrx_word' id='word_1_46' title='bbox 689 927 801 990; x_wconf 92' lang='lat' dir='ltr'>intrin-</span> <span class='ocrx_word' id='word_1_47' title='bbox 843 947 937 1009; x_wconf 88' lang='lat' dir='ltr'>quum</span> <span class='ocrx_word' id='word_1_48' title='bbox 956 924 1129 1009; x_wconf 85' lang='lat' dir='ltr'>persuaderi</span> <span class='ocrx_word' id='word_1_49' title='bbox 1147 925 1268 1000; x_wconf 88' lang='lat' dir='ltr'>vellent,</span> <span class='ocrx_word' id='word_1_50' title='bbox 1285 919 1445 1002; x_wconf 59' lang='lat' dir='ltr'>ut&#39;carneS,</span> 
     </span>
     <span class='ocr_line' id='line_1_7' title="bbox 214 1007 1447 1102; baseline 0.002 -36"><span class='ocrx_word' id='word_1_51' title='bbox 214 1023 274 1067; x_wconf 88' lang='lat' dir='ltr'>seca</span> <span class='ocrx_word' id='word_1_52' title='bbox 293 1016 380 1102; x_wconf 68' lang='lat' dir='ltr'>ratio,</span> <span class='ocrx_word' id='word_1_53' title='bbox 405 1026 484 1087; x_wconf 86' lang='lat' dir='ltr'>quae</span> <span class='ocrx_word' id='word_1_54' title='bbox 505 1008 603 1087; x_wconf 90' lang='lat' dir='ltr'>docet,</span> <span class='ocrx_word' id='word_1_55' title='bbox 623 1011 802 1075; x_wconf 75' lang='lat' dir='ltr'>catholicam</span> <span class='ocrx_word' id='word_1_56' title='bbox 843 1013 944 1093; x_wconf 90' lang='lat' dir='ltr'>specie</span> <span class='ocrx_word' id='word_1_57' title='bbox 962 1019 1090 1088; x_wconf 90' lang='lat' dir='ltr'>tantum,</span> <span class='ocrx_word' id='word_1_58' title='bbox 1115 1008 1220 1070; x_wconf 90' lang='lat' dir='ltr'>suillas</span> <span class='ocrx_word' id='word_1_59' title='bbox 1239 1007 1352 1082; x_wconf 87' lang='lat' dir='ltr'>ederet,</span> <span class='ocrx_word' id='word_1_60' title='bbox 1376 1009 1447 1069; x_wconf 86' lang='lat' dir='ltr'>mali</span> 
     </span>
     <span class='ocr_line' id='line_1_8' title="bbox 214 1089 1448 1188; baseline 0.003 -40"><span class='ocrx_word' id='word_1_61' title='bbox 214 1089 396 1186; x_wconf 77' lang='lat' dir='ltr'>fidemverbxs</span> <span class='ocrx_word' id='word_1_62' title='bbox 410 1100 464 1188; x_wconf 72' lang='lat' dir='ltr'>aut</span> <span class='ocrx_word' id='word_1_63' title='bbox 481 1091 568 1155; x_wconf 88' lang='lat' dir='ltr'>lactis</span> <span class='ocrx_word' id='word_1_64' title='bbox 584 1094 744 1175; x_wconf 81' lang='lat' dir='ltr'>abnegare,</span> <span class='ocrx_word' id='word_1_65' title='bbox 765 1097 808 1158; x_wconf 60' lang='lat' dir='ltr'>li-.1</span> <span class='ocrx_word' id='word_1_66' title='bbox 843 1096 972 1178; x_wconf 90' lang='lat' dir='ltr'>exempli</span> <span class='ocrx_word' id='word_1_67' title='bbox 990 1114 1056 1158; x_wconf 91' lang='lat' dir='ltr'>eam</span> <span class='ocrx_word' id='word_1_68' title='bbox 1076 1112 1138 1156; x_wconf 91' lang='lat' dir='ltr'>rem</span> <span class='ocrx_word' id='word_1_69' title='bbox 1156 1109 1241 1170; x_wconf 90' lang='lat' dir='ltr'>esse,</span> <span class='ocrx_word' id='word_1_70' title='bbox 1266 1091 1350 1164; x_wconf 84' lang='lat' dir='ltr'>dixit,</span> <span class='ocrx_word' id='word_1_71' title='bbox 1365 1091 1448 1172; x_wconf 83' lang='lat' dir='ltr'>ipse-</span> 
     </span>
     <span class='ocr_line' id='line_1_9' title="bbox 214 1176 1445 1272; baseline 0.003 -39"><span class='ocrx_word' id='word_1_72' title='bbox 214 1183 254 1234; x_wconf 90' lang='lat' dir='ltr'>cet</span> <span class='ocrx_word' id='word_1_73' title='bbox 263 1183 386 1272; x_wconf 73' lang='lat' dir='ltr'>rutenus</span> <span class='ocrx_word' id='word_1_74' title='bbox 399 1184 578 1255; x_wconf 78' lang='lat' dir='ltr'>retineatur,</span> <span class='ocrx_word' id='word_1_75' title='bbox 599 1178 722 1260; x_wconf 88' lang='lat' dir='ltr'>perinde</span> <span class='ocrx_word' id='word_1_76' title='bbox 735 1199 802 1244; x_wconf 91' lang='lat' dir='ltr'>esse</span> <span class='ocrx_word' id='word_1_77' title='bbox 844 1200 903 1261; x_wconf 86' lang='lat' dir='ltr'>que</span> <span class='ocrx_word' id='word_1_78' title='bbox 932 1199 975 1258; x_wconf 90' lang='lat' dir='ltr'>se,</span> <span class='ocrx_word' id='word_1_79' title='bbox 995 1177 1132 1261; x_wconf 67' lang='lat' dir='ltr'>quamvis</span> <span class='ocrx_word' id='word_1_80' title='bbox 1151 1183 1247 1238; x_wconf 87' lang='lat' dir='ltr'>aetate</span> <span class='ocrx_word' id='word_1_81' title='bbox 1265 1176 1445 1253; x_wconf 88' lang='lat' dir='ltr'>conlectus,</span> 
     </span>
     <span class='ocr_line' id='line_1_10' title="bbox 214 1259 1448 1356; baseline 0.002 -38"><span class='ocrx_word' id='word_1_82' title='bbox 214 1276 243 1352; x_wconf 81' lang='lat' dir='ltr'>ac</span> <span class='ocrx_word' id='word_1_83' title='bbox 266 1267 402 1356; x_wconf 62' lang='lat' dir='ltr'>mentiri,</span> <span class='ocrx_word' id='word_1_84' title='bbox 427 1261 596 1341; x_wconf 87' lang='lat' dir='ltr'>etquidem</span> <span class='ocrx_word' id='word_1_85' title='bbox 627 1262 659 1324; x_wconf 94' lang='lat' dir='ltr'>in</span> <span class='ocrx_word' id='word_1_86' title='bbox 685 1265 801 1342; x_wconf 80' lang='lat' dir='ltr'>gravis·</span> <span class='ocrx_word' id='word_1_87' title='bbox 842 1265 887 1327; x_wconf 92' lang='lat' dir='ltr'>vel</span> <span class='ocrx_word' id='word_1_88' title='bbox 901 1262 1097 1327; x_wconf 88' lang='lat' dir='ltr'>intolerandis</span> <span class='ocrx_word' id='word_1_89' title='bbox 1113 1259 1295 1324; x_wconf 88' lang='lat' dir='ltr'>cruciatibus</span> <span class='ocrx_word' id='word_1_90' title='bbox 1313 1259 1448 1320; x_wconf 88' lang='lat' dir='ltr'>laceran-</span> 
     </span>
     <span class='ocr_line' id='line_1_11' title="bbox 213 1344 1446 1442; baseline 0.004 -42"><span class='ocrx_word' id='word_1_91' title='bbox 213 1359 278 1438; x_wconf 79' lang='grc'>333</span> <span class='ocrx_word' id='word_1_92' title='bbox 300 1361 439 1441; x_wconf 80' lang='lat' dir='ltr'>omnium</span> <span class='ocrx_word' id='word_1_93' title='bbox 461 1346 600 1442; x_wconf 55' lang='lat' dir='ltr'>negotio,</span> <span class='ocrx_word' id='word_1_94' title='bbox 621 1347 713 1429; x_wconf 92' lang='lat' dir='ltr'>idque</span> <span class='ocrx_word' id='word_1_95' title='bbox 731 1367 800 1412; x_wconf 89' lang='lat' dir='ltr'>eum</span> <span class='ocrx_word' id='word_1_96' title='bbox 843 1348 912 1410; x_wconf 90' lang='lat' dir='ltr'>dum</span> <span class='ocrx_word' id='word_1_97' title='bbox 933 1346 1042 1410; x_wconf 92' lang='lat' dir='ltr'>obtulit</span> <span class='ocrx_word' id='word_1_98' title='bbox 1058 1347 1119 1428; x_wconf 77' lang='grc'>(0).</span> <span class='ocrx_word' id='word_1_99' title='bbox 1139 1344 1269 1425; x_wconf 90' lang='lat' dir='ltr'>ldipsum</span> <span class='ocrx_word' id='word_1_100' title='bbox 1292 1344 1394 1425; x_wconf 85' lang='lat' dir='ltr'>patefit</span> <span class='ocrx_word' id='word_1_101' title='bbox 1413 1362 1446 1405; x_wconf 91' lang='lat' dir='ltr'>ex</span> 
     </span>
     <span class='ocr_line' id='line_1_12' title="bbox 213 1427 1447 1525; baseline 0.001 -39"><span class='ocrx_word' id='word_1_102' title='bbox 213 1444 328 1490; x_wconf 81' lang='lat' dir='ltr'>maxuma</span> <span class='ocrx_word' id='word_1_103' title='bbox 344 1427 408 1524; x_wconf 37' lang='lat' dir='ltr'>[lex.</span> <span class='ocrx_word' id='word_1_104' title='bbox 429 1448 567 1525; x_wconf 66' lang='lat' dir='ltr'>iniuria,</span> <span class='ocrx_word' id='word_1_105' title='bbox 587 1431 637 1492; x_wconf 93' lang='lat' dir='ltr'>cui</span> <span class='ocrx_word' id='word_1_106' title='bbox 665 1433 800 1514; x_wconf 83' lang='lat' dir='ltr'>praefer·</span> <span class='ocrx_word' id='word_1_107' title='bbox 842 1432 949 1512; x_wconf 79' lang='lat' dir='ltr'>agendi</span> <span class='ocrx_word' id='word_1_108' title='bbox 967 1432 1102 1510; x_wconf 86' lang='lat' dir='ltr'>ratione,</span> <span class='ocrx_word' id='word_1_109' title='bbox 1123 1447 1212 1510; x_wconf 87' lang='lat' dir='ltr'>quam</span> <span class='ocrx_word' id='word_1_110' title='bbox 1234 1427 1330 1489; x_wconf 91' lang='lat' dir='ltr'>tenuit</span> <span class='ocrx_word' id='word_1_111' title='bbox 1347 1428 1447 1488; x_wconf 93' lang='lat' dir='ltr'>eccle-</span> 
     </span>
     <span class='ocr_line' id='line_1_13' title="bbox 212 1510 1447 1609; baseline 0.002 -41"><span class='ocrx_word' id='word_1_112' title='bbox 212 1514 612 1609; x_wconf 70' lang='lat' dir='ltr'>renturpropnacutilptates,</span> <span class='ocrx_word' id='word_1_113' title='bbox 628 1517 799 1597; x_wconf 80' lang='lat' dir='ltr'>commoda,</span> <span class='ocrx_word' id='word_1_114' title='bbox 842 1517 887 1578; x_wconf 91' lang='lat' dir='ltr'>sia</span> <span class='ocrx_word' id='word_1_115' title='bbox 906 1535 974 1578; x_wconf 88' lang='lat' dir='ltr'>cum</span> <span class='ocrx_word' id='word_1_116' title='bbox 992 1513 1164 1577; x_wconf 88' lang='lat' dir='ltr'>libellaticis</span> <span class='ocrx_word' id='word_1_117' title='bbox 1196 1511 1388 1592; x_wconf 89' lang='lat' dir='ltr'>nuncupatis.</span> <span class='ocrx_word' id='word_1_118' title='bbox 1410 1510 1447 1572; x_wconf 88' lang='lat' dir='ltr'>lli</span> 
     </span>
     <span class='ocr_line' id='line_1_14' title="bbox 213 1595 1448 1681; baseline 0.002 -28"><span class='ocrx_word' id='word_1_119' title='bbox 213 1601 317 1657; x_wconf 87' lang='lat' dir='ltr'>terrena</span> <span class='ocrx_word' id='word_1_120' title='bbox 333 1596 415 1663; x_wconf 87' lang='lat' dir='ltr'>hona</span> <span class='ocrx_word' id='word_1_121' title='bbox 438 1605 558 1660; x_wconf 86' lang='lat' dir='ltr'>acuta.</span> <span class='ocrx_word' id='word_1_122' title='bbox 579 1598 718 1662; x_wconf 82' lang='lat' dir='ltr'>Attamen</span> <span class='ocrx_word' id='word_1_123' title='bbox 736 1609 798 1664; x_wconf 90' lang='lat' dir='ltr'>tum</span> <span class='ocrx_word' id='word_1_124' title='bbox 841 1601 949 1680; x_wconf 91' lang='lat' dir='ltr'>enim,</span> <span class='ocrx_word' id='word_1_125' title='bbox 981 1597 1117 1681; x_wconf 90' lang='lat' dir='ltr'>quamvis</span> <span class='ocrx_word' id='word_1_126' title='bbox 1136 1615 1196 1658; x_wconf 95' lang='lat' dir='ltr'>non</span> <span class='ocrx_word' id='word_1_127' title='bbox 1227 1595 1448 1657; x_wconf 84' lang='lat' dir='ltr'>immolaverint</span> 
     </span>
     <span class='ocr_line' id='line_1_15' title="bbox 213 1678 1445 1776; baseline 0.004 -41"><span class='ocrx_word' id='word_1_128' title='bbox 213 1695 242 1736; x_wconf 90' lang='lat' dir='ltr'>ex</span> <span class='ocrx_word' id='word_1_129' title='bbox 260 1679 320 1757; x_wconf 82' lang='lat' dir='ltr'>lege</span> <span class='ocrx_word' id='word_1_130' title='bbox 338 1681 483 1776; x_wconf 82' lang='lat' dir='ltr'>naturali,</span> <span class='ocrx_word' id='word_1_131' title='bbox 504 1689 566 1744; x_wconf 92' lang='lat' dir='ltr'>tum</span> <span class='ocrx_word' id='word_1_132' title='bbox 583 1701 619 1744; x_wconf 86' lang='lat' dir='ltr'>ex</span> <span class='ocrx_word' id='word_1_133' title='bbox 638 1685 703 1764; x_wconf 79' lang='lat' dir='ltr'>lege</span> <span class='ocrx_word' id='word_1_134' title='bbox 721 1685 799 1747; x_wconf 88' lang='lat' dir='ltr'>divi·</span> <span class='ocrx_word' id='word_1_135' title='bbox 840 1684 942 1760; x_wconf 92' lang='lat' dir='ltr'>idolis,</span> <span class='ocrx_word' id='word_1_136' title='bbox 954 1693 1007 1746; x_wconf 93' lang='lat' dir='ltr'>aut</span> <span class='ocrx_word' id='word_1_137' title='bbox 1023 1685 1093 1745; x_wconf 88' lang='lat' dir='ltr'>thus</span> <span class='ocrx_word' id='word_1_138' title='bbox 1107 1681 1152 1744; x_wconf 91' lang='lat' dir='ltr'>cis</span> <span class='ocrx_word' id='word_1_139' title='bbox 1169 1698 1230 1742; x_wconf 92' lang='lat' dir='ltr'>non</span> <span class='ocrx_word' id='word_1_140' title='bbox 1249 1678 1445 1758; x_wconf 87' lang='lat' dir='ltr'>adoleverint,</span> 
     </span>
     <span class='ocr_line' id='line_1_16' title="bbox 213 1764 1447 1846; baseline 0.003 -26"><span class='ocrx_word' id='word_1_141' title='bbox 213 1778 245 1822; x_wconf 89' lang='lat' dir='ltr'>na</span> <span class='ocrx_word' id='word_1_142' title='bbox 270 1764 496 1843; x_wconf 78' lang='lat' dir='ltr'>obstringuntur</span> <span class='ocrx_word' id='word_1_143' title='bbox 524 1767 663 1830; x_wconf 92' lang='lat' dir='ltr'>homines</span> <span class='ocrx_word' id='word_1_144' title='bbox 694 1788 800 1834; x_wconf 88' lang='lat' dir='ltr'>omnes</span> <span class='ocrx_word' id='word_1_145' title='bbox 842 1769 880 1830; x_wconf 89' lang='lat' dir='ltr'>ad</span> <span class='ocrx_word' id='word_1_146' title='bbox 909 1787 942 1831; x_wconf 93' lang='lat' dir='ltr'>se</span> <span class='ocrx_word' id='word_1_147' title='bbox 964 1767 1139 1830; x_wconf 84' lang='lat' dir='ltr'>eximendos</span> <span class='ocrx_word' id='word_1_148' title='bbox 1169 1784 1186 1827; x_wconf 88' lang='lat' dir='ltr'>a</span> <span class='ocrx_word' id='word_1_149' title='bbox 1217 1772 1447 1846; x_wconf 89' lang='lat' dir='ltr'>persecutorum</span> 
     </span>
     <span class='ocr_line' id='line_1_17' title="bbox 214 1833 1511 1947; baseline 0.005 -44"><span class='ocrx_word' id='word_1_150' title='bbox 214 1844 243 1903; x_wconf 86' lang='lat' dir='ltr'>ad</span> <span class='ocrx_word' id='word_1_151' title='bbox 257 1845 344 1910; x_wconf 87' lang='lat' dir='ltr'>Deum</span> <span class='ocrx_word' id='word_1_152' title='bbox 369 1850 583 1947; x_wconf 78' lang='lat' dir='ltr'>superomnia</span> <span class='ocrx_word' id='word_1_153' title='bbox 601 1851 797 1933; x_wconf 85' lang='lat' dir='ltr'>diligendum,</span> <span class='ocrx_word' id='word_1_154' title='bbox 840 1853 1049 1916; x_wconf 87' lang='lat' dir='ltr'>vexationibus</span> <span class='ocrx_word' id='word_1_155' title='bbox 1072 1849 1235 1933; x_wconf 87' lang='lat' dir='ltr'>pecuniae</span> <span class='ocrx_word' id='word_1_156' title='bbox 1263 1833 1471 1923; x_wconf 47' lang='lat' dir='ltr'>magistrati-i</span> <span class='ocrx_word' id='word_1_157' title='bbox 1490 1873 1511 1916; x_wconf 71' lang='lat' dir='ltr'>u</span> 
     </span>
     <span class='ocr_line' id='line_1_18' title="bbox 212 1931 1487 2025; baseline 0.005 -37"><span class='ocrx_word' id='word_1_158' title='bbox 212 1931 360 2025; x_wconf 80' lang='lat' dir='ltr'>nonsolum</span> <span class='ocrx_word' id='word_1_159' title='bbox 372 1935 522 2012; x_wconf 77' lang='lat' dir='ltr'>affective,</span> <span class='ocrx_word' id='word_1_160' title='bbox 531 1935 682 1998; x_wconf 88' lang='lat' dir='ltr'>sedetiam</span> <span class='ocrx_word' id='word_1_161' title='bbox 694 1956 801 2020; x_wconf 87' lang='lat' dir='ltr'>appre-</span> <span class='ocrx_word' id='word_1_162' title='bbox 842 1936 898 1998; x_wconf 92' lang='lat' dir='ltr'>bus</span> <span class='ocrx_word' id='word_1_163' title='bbox 913 1937 1033 1998; x_wconf 89' lang='lat' dir='ltr'>libellos</span> <span class='ocrx_word' id='word_1_164' title='bbox 1050 1932 1262 2017; x_wconf 88' lang='lat' dir='ltr'>impetrabant,</span> <span class='ocrx_word' id='word_1_165' title='bbox 1273 1931 1384 2011; x_wconf 88' lang='lat' dir='ltr'>quihus</span> <span class='ocrx_word' id='word_1_166' title='bbox 1399 1939 1446 1994; x_wconf 91' lang='lat' dir='ltr'>te·</span> <span class='ocrx_word' id='word_1_167' title='bbox 1483 1937 1487 1945; x_wconf 90' lang='lat'>&#39;</span> 
     </span>
     <span class='ocr_line' id='line_1_19' title="bbox 213 2015 1448 2114; baseline 0.002 -43"><span class='ocrx_word' id='word_1_168' title='bbox 213 2020 308 2092; x_wconf 79' lang='lat' dir='ltr'>native,</span> <span class='ocrx_word' id='word_1_169' title='bbox 328 2027 539 2114; x_wconf 74' lang='lat' dir='ltr'>acppopterea</span> <span class='ocrx_word' id='word_1_170' title='bbox 560 2020 598 2082; x_wconf 92' lang='lat' dir='ltr'>ad</span> <span class='ocrx_word' id='word_1_171' title='bbox 609 2040 678 2082; x_wconf 91' lang='lat' dir='ltr'>eum</span> <span class='ocrx_word' id='word_1_172' title='bbox 698 2023 799 2085; x_wconf 91' lang='lat' dir='ltr'>omni·</span> <span class='ocrx_word' id='word_1_173' title='bbox 841 2029 951 2088; x_wconf 87' lang='lat' dir='ltr'>statum</span> <span class='ocrx_word' id='word_1_174' title='bbox 965 2021 1109 2096; x_wconf 85' lang='lat' dir='ltr'>lacerent,</span> <span class='ocrx_word' id='word_1_175' title='bbox 1123 2015 1448 2097; x_wconf 87' lang='lat' dir='ltr'>seimperatorisman-</span> 
     </span>
     <span class='ocr_line' id='line_1_20' title="bbox 213 2093 1448 2186; baseline 0.002 -31"><span class='ocrx_word' id='word_1_176' title='bbox 213 2093 260 2157; x_wconf 93' lang='lat' dir='ltr'>bus</span> <span class='ocrx_word' id='word_1_177' title='bbox 275 2117 307 2161; x_wconf 90' lang='lat' dir='ltr'>ac</span> <span class='ocrx_word' id='word_1_178' title='bbox 321 2101 380 2163; x_wconf 78' lang='lat' dir='ltr'>subn</span> <span class='ocrx_word' id='word_1_179' title='bbox 397 2103 475 2184; x_wconf 88' lang='lat' dir='ltr'>xpsis</span> <span class='ocrx_word' id='word_1_180' title='bbox 493 2104 734 2186; x_wconf 81' lang='lat' dir='ltr'>praeterendum.</span> <span class='ocrx_word' id='word_1_181' title='bbox 842 2105 911 2168; x_wconf 87' lang='lat' dir='ltr'>data</span> <span class='ocrx_word' id='word_1_182' title='bbox 930 2105 1047 2166; x_wconf 82' lang='lat' dir='ltr'>fecisse.</span> <span class='ocrx_word' id='word_1_183' title='bbox 1069 2102 1130 2164; x_wconf 92' lang='lat' dir='ltr'>llos</span> <span class='ocrx_word' id='word_1_184' title='bbox 1149 2101 1192 2162; x_wconf 90' lang='lat' dir='ltr'>uti</span> <span class='ocrx_word' id='word_1_185' title='bbox 1211 2098 1378 2182; x_wconf 78' lang='lat' dir='ltr'>gravissimi</span> <span class='ocrx_word' id='word_1_186' title='bbox 1390 2099 1448 2158; x_wconf 91' lang='lat' dir='ltr'>cri-</span> 
     </span>
     <span class='ocr_line' id='line_1_21' title="bbox 843 2182 1448 2260; baseline -0.012 -10"><span class='ocrx_word' id='word_1_187' title='bbox 843 2189 933 2250; x_wconf 89' lang='lat' dir='ltr'>minis</span> <span class='ocrx_word' id='word_1_188' title='bbox 947 2207 1016 2251; x_wconf 88' lang='lat' dir='ltr'>reos</span> <span class='ocrx_word' id='word_1_189' title='bbox 1035 2186 1162 2251; x_wconf 89' lang='lat' dir='ltr'>ecclesia</span> <span class='ocrx_word' id='word_1_190' title='bbox 1180 2183 1342 2260; x_wconf 89' lang='lat' dir='ltr'>damnavit,</span> <span class='ocrx_word' id='word_1_191' title='bbox 1362 2199 1397 2243; x_wconf 90' lang='lat' dir='ltr'>ac</span> <span class='ocrx_word' id='word_1_192' title='bbox 1411 2182 1448 2244; x_wconf 94' lang='lat' dir='ltr'>li-</span> 
     </span>
     <span class='ocr_line' id='line_1_22' title="bbox 383 2268 1445 2352; baseline -0.007 -17"><span class='ocrx_word' id='word_1_193' title='bbox 383 2271 561 2320; x_wconf 73' lang='lat' dir='ltr'>PR⁰P051T¹⁰</span> <span class='ocrx_word' id='word_1_194' title='bbox 578 2275 613 2320; x_wconf 88' lang='lat'>1¹·</span> <span class='ocrx_word' id='word_1_195' title='bbox 843 2281 890 2335; x_wconf 89' lang='lat' dir='ltr'>cet</span> <span class='ocrx_word' id='word_1_196' title='bbox 909 2272 1012 2335; x_wconf 90' lang='lat' dir='ltr'>mitius</span> <span class='ocrx_word' id='word_1_197' title='bbox 1031 2292 1099 2334; x_wconf 89' lang='lat' dir='ltr'>cum</span> <span class='ocrx_word' id='word_1_198' title='bbox 1119 2268 1192 2352; x_wconf 87' lang='lat' dir='ltr'>ipsis</span> <span class='ocrx_word' id='word_1_199' title='bbox 1211 2273 1330 2346; x_wconf 87' lang='lat' dir='ltr'>ageret,</span> <span class='ocrx_word' id='word_1_200' title='bbox 1355 2285 1445 2347; x_wconf 90' lang='lat' dir='ltr'>quam</span> 
     </span>
     <span class='ocr_line' id='line_1_23' title="bbox 281 2350 1448 2442; baseline -0.005 -24"><span class='ocrx_word' id='word_1_201' title='bbox 281 2426 286 2437; x_wconf 44' lang='grc'>,</span> <span class='ocrx_word' id='word_1_202' title='bbox 351 2352 495 2440; x_wconf 60' lang='grc' dir='ltr'>04330333Δ</span> <span class='ocrx_word' id='word_1_203' title='bbox 511 2361 645 2442; x_wconf 65' lang='lat' dir='ltr'>exustione</span> <span class='ocrx_word' id='word_1_204' title='bbox 843 2376 912 2419; x_wconf 91' lang='lat' dir='ltr'>cum</span> <span class='ocrx_word' id='word_1_205' title='bbox 928 2357 1103 2420; x_wconf 85' lang='lat' dir='ltr'>sacrificatis</span> <span class='ocrx_word' id='word_1_206' title='bbox 1119 2363 1148 2417; x_wconf 90' lang='grc'>34</span> <span class='ocrx_word' id='word_1_207' title='bbox 1165 2350 1355 2428; x_wconf 83' lang='lat' dir='ltr'>thurificatis,</span> <span class='ocrx_word' id='word_1_208' title='bbox 1373 2359 1448 2413; x_wconf 87' lang='lat' dir='ltr'>atta·</span> 
     </span>
     <span class='ocr_line' id='line_1_24' title="bbox 269 2423 1448 2524; baseline 0.007 -54"><span class='ocrx_word' id='word_1_209' title='bbox 269 2423 431 2486; x_wconf 76' lang='lat' dir='ltr'>licetfulaom</span> <span class='ocrx_word' id='word_1_210' title='bbox 447 2428 589 2489; x_wconf 67' lang='lat' dir='ltr'>relacionem</span> <span class='ocrx_word' id='word_1_211' title='bbox 605 2430 732 2478; x_wconf 71' lang='lat' dir='ltr'>aemulare.</span> <span class='ocrx_word' id='word_1_212' title='bbox 843 2461 912 2504; x_wconf 68' lang='lat' dir='ltr'>men</span> <span class='ocrx_word' id='word_1_213' title='bbox 932 2441 1096 2524; x_wconf 63' lang='lat' dir='ltr'>impunitos</span> <span class='ocrx_word' id='word_1_214' title='bbox 1116 2456 1182 2502; x_wconf 65' lang='lat' dir='ltr'><strong>esse</strong></span> <span class='ocrx_word' id='word_1_215' title='bbox 1212 2436 1335 2498; x_wconf 64' lang='lat' dir='ltr'>minime</span> <span class='ocrx_word' id='word_1_216' title='bbox 1359 2453 1448 2516; x_wconf 66' lang='lat' dir='ltr'>passa</span> 
     </span>
    </p>
   </div>
   <div class='ocr_carea' id='block_1_3' title="bbox 190 2515 1449 3880">
    <p class='ocr_par' dir='ltr' id='par_1_3' title="bbox 216 2515 1449 2874">
     <span class='ocr_line' id='line_1_25' title="bbox 248 2515 1447 2608; baseline -0.016 -10"><span class='ocrx_word' id='word_1_217' title='bbox 248 2535 311 2598; x_wconf 89' lang='grc'>400.</span> <span class='ocrx_word' id='word_1_218' title='bbox 330 2533 483 2597; x_wconf 88' lang='lat' dir='ltr'>Simulare</span> <span class='ocrx_word' id='word_1_219' title='bbox 499 2532 606 2594; x_wconf 79' lang='lat' dir='ltr'>falsam</span> <span class='ocrx_word' id='word_1_220' title='bbox 624 2528 802 2608; x_wconf 82' lang='lat' dir='ltr'>religionem</span> <span class='ocrx_word' id='word_1_221' title='bbox 842 2536 908 2604; x_wconf 89' lang='lat' dir='ltr'>est,</span> <span class='ocrx_word' id='word_1_222' title='bbox 929 2525 982 2588; x_wconf 91' lang='lat' dir='ltr'>sed</span> <span class='ocrx_word' id='word_1_223' title='bbox 1004 2525 1143 2608; x_wconf 89' lang='lat' dir='ltr'>publicae</span> <span class='ocrx_word' id='word_1_224' title='bbox 1171 2515 1373 2604; x_wconf 90' lang='lat' dir='ltr'>poenitentiae</span> <span class='ocrx_word' id='word_1_225' title='bbox 1391 2520 1447 2580; x_wconf 91' lang='lat' dir='ltr'>ad-</span> 
     </span>
     <span class='ocr_line' id='line_1_26' title="bbox 216 2603 1447 2705; baseline -0.013 -24"><span class='ocrx_word' id='word_1_226' title='bbox 216 2633 353 2704; x_wconf 89' lang='lat' dir='ltr'>censetnr,</span> <span class='ocrx_word' id='word_1_227' title='bbox 371 2621 428 2705; x_wconf 86' lang='lat' dir='ltr'>qui</span> <span class='ocrx_word' id='word_1_228' title='bbox 446 2626 498 2682; x_wconf 91' lang='lat' dir='ltr'>aut</span> <span class='ocrx_word' id='word_1_229' title='bbox 515 2616 621 2693; x_wconf 85' lang='lat' dir='ltr'>dictis,</span> <span class='ocrx_word' id='word_1_230' title='bbox 646 2621 698 2676; x_wconf 88' lang='lat' dir='ltr'>aut</span> <span class='ocrx_word' id='word_1_231' title='bbox 716 2613 803 2674; x_wconf 87' lang='lat' dir='ltr'>iactis</span> <span class='ocrx_word' id='word_1_232' title='bbox 843 2609 926 2688; x_wconf 84' lang='lat' dir='ltr'>dixit,</span> <span class='ocrx_word' id='word_1_233' title='bbox 947 2629 1009 2691; x_wconf 90' lang='lat' dir='ltr'>qua</span> <span class='ocrx_word' id='word_1_234' title='bbox 1022 2607 1161 2692; x_wconf 88' lang='lat' dir='ltr'>propriae</span> <span class='ocrx_word' id='word_1_235' title='bbox 1176 2605 1310 2686; x_wconf 84' lang='lat' dir='ltr'>ignaviae</span> <span class='ocrx_word' id='word_1_236' title='bbox 1330 2603 1447 2665; x_wconf 88' lang='lat' dir='ltr'>veniam</span> 
     </span>
     <span class='ocr_line' id='line_1_27' title="bbox 217 2689 1449 2788; baseline -0.015 -20"><span class='ocrx_word' id='word_1_237' title='bbox 217 2710 363 2788; x_wconf 81' lang='lat' dir='ltr'>profitetur,</span> <span class='ocrx_word' id='word_1_238' title='bbox 379 2726 415 2769; x_wconf 91' lang='lat' dir='ltr'>se</span> <span class='ocrx_word' id='word_1_239' title='bbox 434 2704 472 2767; x_wconf 86' lang='lat' dir='ltr'>ad</span> <span class='ocrx_word' id='word_1_240' title='bbox 486 2703 568 2764; x_wconf 88' lang='lat' dir='ltr'>illam</span> <span class='ocrx_word' id='word_1_241' title='bbox 584 2698 746 2782; x_wconf 86' lang='lat' dir='ltr'>pertinere.</span> <span class='ocrx_word' id='word_1_242' title='bbox 761 2697 803 2759; x_wconf 89' lang='lat' dir='ltr'>lle</span> <span class='ocrx_word' id='word_1_243' title='bbox 843 2702 1059 2776; x_wconf 81' lang='lat' dir='ltr'>exposcerent,</span> <span class='ocrx_word' id='word_1_244' title='bbox 1080 2711 1136 2755; x_wconf 89' lang='lat' dir='ltr'>nec</span> <span class='ocrx_word' id='word_1_245' title='bbox 1167 2689 1226 2752; x_wconf 93' lang='lat' dir='ltr'>nisi</span> <span class='ocrx_word' id='word_1_246' title='bbox 1252 2697 1319 2771; x_wconf 92' lang='lat' dir='ltr'>post</span> <span class='ocrx_word' id='word_1_247' title='bbox 1339 2705 1449 2750; x_wconf 89' lang='lat' dir='ltr'>conve-</span> 
     </span>
     <span class='ocr_line' id='line_1_28' title="bbox 216 2773 1448 2874; baseline -0.017 -22"><span class='ocrx_word' id='word_1_248' title='bbox 216 2791 255 2869; x_wconf 86' lang='lat' dir='ltr'>iis,</span> <span class='ocrx_word' id='word_1_249' title='bbox 272 2794 320 2874; x_wconf 91' lang='lat' dir='ltr'>qui</span> <span class='ocrx_word' id='word_1_250' title='bbox 335 2790 440 2856; x_wconf 89' lang='lat' dir='ltr'>verbis</span> <span class='ocrx_word' id='word_1_251' title='bbox 465 2785 613 2868; x_wconf 84' lang='lat' dir='ltr'>expressis</span> <span class='ocrx_word' id='word_1_252' title='bbox 628 2790 681 2846; x_wconf 88' lang='lat' dir='ltr'>aut</span> <span class='ocrx_word' id='word_1_253' title='bbox 695 2781 802 2862; x_wconf 89' lang='lat' dir='ltr'>aequi·</span> <span class='ocrx_word' id='word_1_254' title='bbox 843 2778 974 2840; x_wconf 84' lang='lat' dir='ltr'>rientem</span> <span class='ocrx_word' id='word_1_255' title='bbox 998 2777 1231 2840; x_wconf 86' lang='lat' dir='ltr'>satisfactionem</span> <span class='ocrx_word' id='word_1_256' title='bbox 1246 2774 1393 2854; x_wconf 86' lang='lat' dir='ltr'>expletam</span> <span class='ocrx_word' id='word_1_257' title='bbox 1410 2773 1448 2832; x_wconf 86' lang='grc'>4-</span> 
     </span>
    </p>

    <p class='ocr_par' dir='ltr' id='par_1_4' title="bbox 190 2855 1449 3880">
     <span class='ocr_line' id='line_1_29' title="bbox 190 2855 1448 2940; baseline -0.014 -6"><span class='ocrx_word' id='word_1_258' title='bbox 190 2910 193 2919; x_wconf 89' lang='lat'>·</span> <span class='ocrx_word' id='word_1_259' title='bbox 216 2877 363 2940; x_wconf 88' lang='lat' dir='ltr'>valentibus</span> <span class='ocrx_word' id='word_1_260' title='bbox 388 2894 425 2938; x_wconf 94' lang='lat' dir='ltr'>se</span> <span class='ocrx_word' id='word_1_261' title='bbox 450 2870 594 2935; x_wconf 86' lang='lat' dir='ltr'>exhibent</span> <span class='ocrx_word' id='word_1_262' title='bbox 617 2867 710 2930; x_wconf 89' lang='grc'>434333</span> <span class='ocrx_word' id='word_1_263' title='bbox 728 2865 802 2927; x_wconf 89' lang='lat' dir='ltr'>reli·</span> <span class='ocrx_word' id='word_1_264' title='bbox 842 2862 954 2924; x_wconf 88' lang='lat' dir='ltr'>delium</span> <span class='ocrx_word' id='word_1_265' title='bbox 979 2861 1098 2924; x_wconf 89' lang='lat' dir='ltr'>iuribus</span> <span class='ocrx_word' id='word_1_266' title='bbox 1116 2868 1145 2922; x_wconf 93' lang='lat' dir='ltr'>et</span> <span class='ocrx_word' id='word_1_267' title='bbox 1163 2855 1378 2940; x_wconf 85' lang='lat' dir='ltr'>praerogativis</span> <span class='ocrx_word' id='word_1_268' title='bbox 1397 2873 1448 2916; x_wconf 90' lang='lat' dir='ltr'>re·</span> 
     </span>
     <span class='ocr_line' id='line_1_30' title="bbox 215 2945 1020 3035; baseline -0.02 -13"><span class='ocrx_word' id='word_1_269' title='bbox 215 2959 508 3035; x_wconf 64' lang='lat' dir='ltr'>polissemum,</span> <span class='ocrx_word' id='word_1_270' title='bbox 532 2951 651 3018; x_wconf 90' lang='lat' dir='ltr'>etiamsi</span> <span class='ocrx_word' id='word_1_271' title='bbox 675 2950 803 3012; x_wconf 90' lang='lat' dir='ltr'>interius</span> <span class='ocrx_word' id='word_1_272' title='bbox 842 2946 941 3008; x_wconf 90' lang='lat' dir='ltr'>stituit</span> <span class='ocrx_word' id='word_1_273' title='bbox 960 2945 1020 3026; x_wconf 84' lang='grc'>(3).</span> 
     </span>
     <span class='ocr_line' id='line_1_31' title="bbox 217 3022 1448 3128; baseline -0.015 -26"><span class='ocrx_word' id='word_1_274' title='bbox 217 3046 335 3108; x_wconf 89' lang='lat' dir='ltr'>catholici</span> <span class='ocrx_word' id='word_1_275' title='bbox 352 3047 543 3128; x_wconf 89' lang='lat' dir='ltr'>permanent,</span> <span class='ocrx_word' id='word_1_276' title='bbox 562 3055 611 3100; x_wconf 92' lang='lat' dir='ltr'>res</span> <span class='ocrx_word' id='word_1_277' title='bbox 626 3042 729 3117; x_wconf 87' lang='lat' dir='ltr'>aperta</span> <span class='ocrx_word' id='word_1_278' title='bbox 743 3043 800 3097; x_wconf 90' lang='lat' dir='ltr'>est.</span> <span class='ocrx_word' id='word_1_279' title='bbox 884 3030 959 3116; x_wconf 67' lang='lat' dir='ltr'>toa,</span> <span class='ocrx_word' id='word_1_280' title='bbox 990 3028 1148 3091; x_wconf 87' lang='lat' dir='ltr'>Rationem</span> <span class='ocrx_word' id='word_1_281' title='bbox 1173 3024 1295 3087; x_wconf 87' lang='lat' dir='ltr'>exhibet</span> <span class='ocrx_word' id='word_1_282' title='bbox 1316 3041 1341 3085; x_wconf 89' lang='lat' dir='ltr'>s.</span> <span class='ocrx_word' id='word_1_283' title='bbox 1363 3022 1448 3084; x_wconf 87' lang='lat' dir='ltr'>Tho·</span> 
     </span>
     <span class='ocr_line' id='line_1_32' title="bbox 217 3109 1447 3206; baseline -0.015 -19"><span class='ocrx_word' id='word_1_284' title='bbox 217 3124 297 3193; x_wconf 87' lang='lat' dir='ltr'>lactis</span> <span class='ocrx_word' id='word_1_285' title='bbox 307 3139 407 3193; x_wconf 88' lang='lat' dir='ltr'>autern</span> <span class='ocrx_word' id='word_1_286' title='bbox 422 3122 581 3206; x_wconf 90' lang='lat' dir='ltr'>multiplici</span> <span class='ocrx_word' id='word_1_287' title='bbox 595 3120 713 3182; x_wconf 86' lang='lat' dir='ltr'>ratione</span> <span class='ocrx_word' id='word_1_288' title='bbox 726 3137 801 3180; x_wconf 90' lang='lat' dir='ltr'>con·</span> <span class='ocrx_word' id='word_1_289' title='bbox 842 3133 927 3193; x_wconf 83' lang='lat' dir='ltr'>mas,</span> <span class='ocrx_word' id='word_1_290' title='bbox 937 3113 1092 3175; x_wconf 90' lang='lat' dir='ltr'>scribens:</span> <span class='ocrx_word' id='word_1_291' title='bbox 1114 3112 1162 3174; x_wconf 88' lang='lat' dir='ltr'>Ad</span> <span class='ocrx_word' id='word_1_292' title='bbox 1180 3111 1321 3172; x_wconf 82' lang='lat' dir='ltr'>virtulem</span> <span class='ocrx_word' id='word_1_293' title='bbox 1335 3109 1447 3170; x_wconf 84' lang='lat' dir='ltr'>corito-</span> 
     </span>
     <span class='ocr_line' id='line_1_33' title="bbox 217 3194 1434 3297; baseline -0.015 -25"><span class='ocrx_word' id='word_1_294' title='bbox 217 3211 311 3289; x_wconf 81' lang='lat' dir='ltr'>tiugere</span> <span class='ocrx_word' id='word_1_295' title='bbox 327 3221 440 3297; x_wconf 87' lang='lat' dir='ltr'>potest,</span> <span class='ocrx_word' id='word_1_296' title='bbox 459 3217 495 3274; x_wconf 92' lang='lat' dir='ltr'>ut</span> <span class='ocrx_word' id='word_1_297' title='bbox 512 3208 581 3289; x_wconf 89' lang='lat' dir='ltr'>quis</span> <span class='ocrx_word' id='word_1_298' title='bbox 598 3205 691 3267; x_wconf 87' lang='grc'>434333</span> <span class='ocrx_word' id='word_1_299' title='bbox 706 3221 740 3265; x_wconf 97' lang='grc'>33</span> <span class='ocrx_word' id='word_1_300' title='bbox 751 3203 803 3266; x_wconf 91' lang='lat' dir='ltr'>ad·</span> <span class='ocrx_word' id='word_1_301' title='bbox 843 3199 881 3261; x_wconf 86' lang='lat' dir='ltr'>tia</span> <span class='ocrx_word' id='word_1_302' title='bbox 894 3199 1035 3279; x_wconf 84' lang='lat' dir='ltr'>pertinet,</span> <span class='ocrx_word' id='word_1_303' title='bbox 1050 3205 1082 3260; x_wconf 88' lang='lat' dir='ltr'>ut</span> <span class='ocrx_word' id='word_1_304' title='bbox 1095 3196 1160 3276; x_wconf 81' lang='lat' dir='ltr'>poia</span> <span class='ocrx_word' id='word_1_305' title='bbox 1173 3196 1300 3258; x_wconf 84' lang='lat' dir='ltr'>tolemse</span> <span class='ocrx_word' id='word_1_306' title='bbox 1310 3194 1434 3256; x_wconf 77' lang='lat' dir='ltr'>cohibeo</span> 
     </span>
     <span class='ocr_line' id='line_1_34' title="bbox 217 3277 1449 3378; baseline -0.014 -22"><span class='ocrx_word' id='word_1_307' title='bbox 217 3294 309 3361; x_wconf 88' lang='lat' dir='ltr'>dictum</span> <span class='ocrx_word' id='word_1_308' title='bbox 327 3308 429 3362; x_wconf 87' lang='lat' dir='ltr'>sectae</span> <span class='ocrx_word' id='word_1_309' title='bbox 446 3291 617 3378; x_wconf 82' lang='lat' dir='ltr'>patefaciat,</span> <span class='ocrx_word' id='word_1_310' title='bbox 631 3287 801 3351; x_wconf 87' lang='lat' dir='ltr'>cuiusmodi</span> <span class='ocrx_word' id='word_1_311' title='bbox 842 3284 974 3346; x_wconf 77' lang='lat' dir='ltr'>euterius</span> <span class='ocrx_word' id='word_1_312' title='bbox 987 3300 1043 3364; x_wconf 86' lang='lat' dir='ltr'>per</span> <span class='ocrx_word' id='word_1_313' title='bbox 1061 3281 1150 3364; x_wconf 78' lang='lat' dir='ltr'>sipon</span> <span class='ocrx_word' id='word_1_314' title='bbox 1167 3279 1336 3356; x_wconf 76' lang='lat' dir='ltr'>caterioro,</span> <span class='ocrx_word' id='word_1_315' title='bbox 1354 3277 1449 3356; x_wconf 77' lang='lat' dir='ltr'>quotis</span> 
     </span>
     <span class='ocr_line' id='line_1_35' title="bbox 217 3364 1447 3462; baseline -0.012 -23"><span class='ocrx_word' id='word_1_316' title='bbox 217 3391 280 3444; x_wconf 87' lang='lat' dir='ltr'>esset</span> <span class='ocrx_word' id='word_1_317' title='bbox 290 3384 371 3462; x_wconf 81' lang='lat' dir='ltr'>signa</span> <span class='ocrx_word' id='word_1_318' title='bbox 383 3395 545 3462; x_wconf 88' lang='lat' dir='ltr'>usurpare,</span> <span class='ocrx_word' id='word_1_319' title='bbox 552 3375 641 3453; x_wconf 90' lang='lat' dir='ltr'>ritus,</span> <span class='ocrx_word' id='word_1_320' title='bbox 649 3389 802 3435; x_wconf 91' lang='lat' dir='ltr'>caeremo-</span> <span class='ocrx_word' id='word_1_321' title='bbox 841 3375 911 3442; x_wconf 86' lang='lat' dir='ltr'>eat;</span> <span class='ocrx_word' id='word_1_322' title='bbox 929 3369 1019 3450; x_wconf 78' lang='lat' dir='ltr'>sipon</span> <span class='ocrx_word' id='word_1_323' title='bbox 1036 3374 1135 3429; x_wconf 83' lang='lat' dir='ltr'>cotem</span> <span class='ocrx_word' id='word_1_324' title='bbox 1152 3364 1303 3428; x_wconf 74' lang='lat' dir='ltr'>celeriora</span> <span class='ocrx_word' id='word_1_325' title='bbox 1322 3380 1381 3424; x_wconf 88' lang='lat' dir='ltr'>non</span> <span class='ocrx_word' id='word_1_326' title='bbox 1397 3379 1447 3424; x_wconf 83' lang='lat' dir='ltr'>so-</span> 
     </span>
     <span class='ocr_line' id='line_1_36' title="bbox 217 3447 1445 3554; baseline -0.02 -25"><span class='ocrx_word' id='word_1_327' title='bbox 217 3463 268 3528; x_wconf 85' lang='lat' dir='ltr'>uias</span> <span class='ocrx_word' id='word_1_328' title='bbox 279 3516 287 3545; x_wconf 92' lang='lat'>,</span> <span class='ocrx_word' id='word_1_329' title='bbox 300 3476 397 3530; x_wconf 89' lang='lat' dir='ltr'>vestes</span> <span class='ocrx_word' id='word_1_330' title='bbox 407 3514 419 3554; x_wconf 88' lang='lat'>,</span> <span class='ocrx_word' id='word_1_331' title='bbox 440 3463 575 3527; x_wconf 88' lang='lat' dir='ltr'>actiones</span> <span class='ocrx_word' id='word_1_332' title='bbox 592 3456 730 3541; x_wconf 87' lang='lat' dir='ltr'>proprias</span> <span class='ocrx_word' id='word_1_333' title='bbox 747 3475 801 3518; x_wconf 86' lang='lat' dir='ltr'>ex·</span> <span class='ocrx_word' id='word_1_334' title='bbox 842 3452 905 3515; x_wconf 84' lang='lat' dir='ltr'>lum</span> <span class='ocrx_word' id='word_1_335' title='bbox 935 3459 1005 3514; x_wconf 78' lang='lat' dir='ltr'>vorot</span> <span class='ocrx_word' id='word_1_336' title='bbox 1023 3452 1135 3528; x_wconf 85' lang='lat' dir='ltr'>uerbo,</span> <span class='ocrx_word' id='word_1_337' title='bbox 1167 3449 1217 3511; x_wconf 83' lang='lat' dir='ltr'>sed</span> <span class='ocrx_word' id='word_1_338' title='bbox 1235 3447 1325 3509; x_wconf 78' lang='lat' dir='ltr'>etima</span> <span class='ocrx_word' id='word_1_339' title='bbox 1353 3448 1445 3526; x_wconf 77' lang='lat' dir='ltr'>[octo.</span> 
     </span>
     <span class='ocr_line' id='line_1_37' title="bbox 216 3531 1449 3630; baseline -0.013 -24"><span class='ocrx_word' id='word_1_340' title='bbox 216 3549 309 3614; x_wconf 82' lang='lat' dir='ltr'>clusine</span> <span class='ocrx_word' id='word_1_341' title='bbox 325 3552 410 3615; x_wconf 91' lang='lat' dir='ltr'>illius</span> <span class='ocrx_word' id='word_1_342' title='bbox 431 3555 484 3612; x_wconf 87' lang='lat' dir='ltr'>aut</span> <span class='ocrx_word' id='word_1_343' title='bbox 500 3563 555 3630; x_wconf 92' lang='lat' dir='ltr'>per</span> <span class='ocrx_word' id='word_1_344' title='bbox 571 3563 616 3622; x_wconf 91' lang='lat' dir='ltr'>se,</span> <span class='ocrx_word' id='word_1_345' title='bbox 633 3549 686 3604; x_wconf 92' lang='lat' dir='ltr'>aut</span> <span class='ocrx_word' id='word_1_346' title='bbox 703 3559 738 3602; x_wconf 84' lang='lat' dir='ltr'>ex</span> <span class='ocrx_word' id='word_1_347' title='bbox 755 3540 801 3601; x_wconf 88' lang='lat' dir='ltr'>in·</span> <span class='ocrx_word' id='word_1_348' title='bbox 842 3537 929 3601; x_wconf 85' lang='lat' dir='ltr'>Sicut</span> <span class='ocrx_word' id='word_1_349' title='bbox 947 3553 1018 3618; x_wconf 75' lang='lat' dir='ltr'>erpo</span> <span class='ocrx_word' id='word_1_350' title='bbox 1035 3533 1156 3596; x_wconf 83' lang='lat' dir='ltr'>uc&#39;ritati</span> <span class='ocrx_word' id='word_1_351' title='bbox 1173 3531 1355 3612; x_wconf 83' lang='lat' dir='ltr'>opponitur,</span> <span class='ocrx_word' id='word_1_352' title='bbox 1371 3531 1449 3607; x_wconf 80' lang='lat' dir='ltr'>qrtod</span> 
     </span>
     <span class='ocr_line' id='line_1_38' title="bbox 216 3613 1445 3716; baseline -0.015 -26"><span class='ocrx_word' id='word_1_353' title='bbox 216 3632 369 3716; x_wconf 86' lang='lat' dir='ltr'>stitutione,</span> <span class='ocrx_word' id='word_1_354' title='bbox 388 3642 444 3699; x_wconf 88' lang='lat' dir='ltr'>aut</span> <span class='ocrx_word' id='word_1_355' title='bbox 461 3651 496 3695; x_wconf 84' lang='lat' dir='ltr'>ex</span> <span class='ocrx_word' id='word_1_356' title='bbox 530 3626 690 3692; x_wconf 78' lang='grc'>30433303.</span> <span class='ocrx_word' id='word_1_357' title='bbox 717 3623 799 3686; x_wconf 90' lang='lat' dir='ltr'>ldem</span> <span class='ocrx_word' id='word_1_358' title='bbox 841 3621 953 3700; x_wconf 80' lang='lat' dir='ltr'>aliquia</span> <span class='ocrx_word' id='word_1_359' title='bbox 964 3636 1020 3701; x_wconf 87' lang='lat' dir='ltr'>por</span> <span class='ocrx_word' id='word_1_360' title='bbox 1034 3619 1123 3680; x_wconf 82' lang='lat' dir='ltr'>uerbo</span> <span class='ocrx_word' id='word_1_361' title='bbox 1136 3615 1288 3678; x_wconf 78' lang='lat' dir='ltr'>anteriora</span> <span class='ocrx_word' id='word_1_362' title='bbox 1305 3613 1393 3698; x_wconf 64' lang='lat' dir='ltr'>uliud⁴</span> <span class='ocrx_word' id='word_1_363' title='bbox 1407 3613 1445 3673; x_wconf 86' lang='lat' dir='ltr'>si·</span> 
     </span>
     <span class='ocr_line' id='line_1_39' title="bbox 217 3697 1445 3802; baseline -0.014 -26"><span class='ocrx_word' id='word_1_364' title='bbox 217 3715 255 3778; x_wconf 89' lang='lat' dir='ltr'>dic</span> <span class='ocrx_word' id='word_1_365' title='bbox 269 3719 302 3782; x_wconf 88' lang='lat' dir='ltr'>de</span> <span class='ocrx_word' id='word_1_366' title='bbox 315 3740 363 3801; x_wconf 92' lang='lat' dir='ltr'>eo,</span> <span class='ocrx_word' id='word_1_367' title='bbox 380 3719 435 3802; x_wconf 90' lang='lat' dir='ltr'>qui</span> <span class='ocrx_word' id='word_1_368' title='bbox 457 3735 491 3780; x_wconf 89' lang='grc'>33</span> <span class='ocrx_word' id='word_1_369' title='bbox 508 3731 563 3797; x_wconf 89' lang='lat' dir='ltr'>per</span> <span class='ocrx_word' id='word_1_370' title='bbox 575 3708 799 3774; x_wconf 88' lang='lat' dir='ltr'>simulationem</span> <span class='ocrx_word' id='word_1_371' title='bbox 840 3706 974 3786; x_wconf 64' lang='lat' dir='ltr'>unificat,</span> <span class='ocrx_word' id='word_1_372' title='bbox 997 3720 1086 3784; x_wconf 79' lang='lat' dir='ltr'>quom</span> <span class='ocrx_word' id='word_1_373' title='bbox 1104 3700 1181 3780; x_wconf 82' lang='lat' dir='ltr'>quod</span> <span class='ocrx_word' id='word_1_374' title='bbox 1197 3698 1281 3761; x_wconf 85' lang='lat' dir='ltr'>dubet</span> <span class='ocrx_word' id='word_1_375' title='bbox 1299 3697 1381 3780; x_wconf 82' lang='lat' dir='ltr'>opud</span> <span class='ocrx_word' id='word_1_376' title='bbox 1395 3713 1445 3772; x_wconf 86' lang='grc'>33,</span> 
     </span>
     <span class='ocr_line' id='line_1_40' title="bbox 217 3780 1446 3880; baseline -0.015 -20"><span class='ocrx_word' id='word_1_377' title='bbox 217 3799 284 3879; x_wconf 83' lang='lat' dir='ltr'>lingit</span> <span class='ocrx_word' id='word_1_378' title='bbox 298 3823 385 3867; x_wconf 84' lang='lat' dir='ltr'>verae</span> <span class='ocrx_word' id='word_1_379' title='bbox 395 3799 559 3880; x_wconf 72' lang='lat' dir='ltr'>religionis</span> <span class='ocrx_word' id='word_1_380' title='bbox 570 3815 606 3859; x_wconf 90' lang='lat' dir='ltr'>ac</span> <span class='ocrx_word' id='word_1_381' title='bbox 619 3792 689 3856; x_wconf 87' lang='lat' dir='ltr'>fidei</span> <span class='ocrx_word' id='word_1_382' title='bbox 701 3792 802 3854; x_wconf 88' lang='lat' dir='ltr'>deser·</span> <span class='ocrx_word' id='word_1_383' title='bbox 840 3790 918 3870; x_wconf 75' lang='lat' dir='ltr'>quod</span> <span class='ocrx_word' id='word_1_384' title='bbox 939 3789 979 3851; x_wconf 90' lang='lat' dir='ltr'>od</span> <span class='ocrx_word' id='word_1_385' title='bbox 1012 3785 1200 3850; x_wconf 74' lang='lat' dir='ltr'>mendodom</span> <span class='ocrx_word' id='word_1_386' title='bbox 1226 3782 1384 3862; x_wconf 83' lang='lat' dir='ltr'>pertiaet;</span> <span class='ocrx_word' id='word_1_387' title='bbox 1402 3780 1446 3842; x_wconf 85' lang='lat' dir='ltr'>ito</span> 
     </span>
    </p>
   </div>
   <div class='ocr_carea' id='block_1_4' title="bbox 217 3864 1447 4038">
    <p class='ocr_par' dir='ltr' id='par_1_5' title="bbox 217 3864 1447 4038">
     <span class='ocr_line' id='line_1_41' title="bbox 217 3864 1447 3968; baseline -0.011 -29"><span class='ocrx_word' id='word_1_388' title='bbox 217 3889 295 3949; x_wconf 87' lang='lat' dir='ltr'>torem</span> <span class='ocrx_word' id='word_1_389' title='bbox 312 3898 394 3952; x_wconf 88' lang='lat' dir='ltr'>metu</span> <span class='ocrx_word' id='word_1_390' title='bbox 415 3885 513 3968; x_wconf 77' lang='lat' dir='ltr'>gravis</span> <span class='ocrx_word' id='word_1_391' title='bbox 527 3881 586 3945; x_wconf 91' lang='lat' dir='ltr'>sibi</span> <span class='ocrx_word' id='word_1_392' title='bbox 600 3875 801 3961; x_wconf 89' lang='lat' dir='ltr'>impendentis</span> <span class='ocrx_word' id='word_1_393' title='bbox 840 3874 930 3936; x_wconf 85' lang='lat' dir='ltr'>otiam</span> <span class='ocrx_word' id='word_1_394' title='bbox 951 3871 1113 3955; x_wconf 85' lang='lat' dir='ltr'>opponitur</span> <span class='ocrx_word' id='word_1_395' title='bbox 1136 3867 1267 3943; x_wconf 82' lang='lat' dir='ltr'>veritati,</span> <span class='ocrx_word' id='word_1_396' title='bbox 1293 3866 1371 3945; x_wconf 80' lang='lat' dir='ltr'>quod</span> <span class='ocrx_word' id='word_1_397' title='bbox 1391 3864 1447 3927; x_wconf 85' lang='lat' dir='ltr'>olt-</span> 
     </span>
     <span class='ocr_line' id='line_1_42' title="bbox 217 3949 1446 4038; baseline -0.011 -14"><span class='ocrx_word' id='word_1_398' title='bbox 217 3965 312 4034; x_wconf 76' lang='grc'>43334.</span> <span class='ocrx_word' id='word_1_399' title='bbox 374 4003 386 4038; x_wconf 80' lang='grc'><strong>.</strong></span> <span class='ocrx_word' id='word_1_400' title='bbox 630 4011 639 4018; x_wconf 83' lang='grc'>.</span> <span class='ocrx_word' id='word_1_401' title='bbox 840 3959 905 4038; x_wconf 81' lang='lat' dir='ltr'>puis</span> <span class='ocrx_word' id='word_1_402' title='bbox 924 3973 981 4038; x_wconf 81' lang='lat' dir='ltr'>por</span> <span class='ocrx_word' id='word_1_403' title='bbox 998 3956 1101 4034; x_wconf 80' lang='lat' dir='ltr'>otique</span> <span class='ocrx_word' id='word_1_404' title='bbox 1126 3953 1217 4035; x_wconf 78' lang='lat' dir='ltr'>sipon</span> <span class='ocrx_word' id='word_1_405' title='bbox 1235 3951 1383 4032; x_wconf 76' lang='lat' dir='ltr'>sactorum</span> <span class='ocrx_word' id='word_1_406' title='bbox 1401 3949 1446 4011; x_wconf 86' lang='lat' dir='ltr'>uel</span> 
     </span>
    </p>
   </div>
   <div class='ocr_carea' id='block_1_5' title="bbox 212 4035 1446 4306">
    <p class='ocr_par' dir='ltr' id='par_1_6' title="bbox 212 4035 1446 4306">
     <span class='ocr_line' id='line_1_43' title="bbox 212 4035 1443 4136; baseline -0.016 -21"><span class='ocrx_word' id='word_1_407' title='bbox 212 4105 219 4136; x_wconf 82' lang='grc'>,</span> <span class='ocrx_word' id='word_1_408' title='bbox 248 4053 461 4120; x_wconf 74' lang='grc'>4044333333</span> <span class='ocrx_word' id='word_1_409' title='bbox 473 4052 563 4116; x_wconf 86' lang='lat' dir='ltr'>talem</span> <span class='ocrx_word' id='word_1_410' title='bbox 573 4044 798 4111; x_wconf 88' lang='lat' dir='ltr'>simulationem</span> <span class='ocrx_word' id='word_1_411' title='bbox 838 4059 943 4106; x_wconf 84' lang='lat' dir='ltr'>rernm</span> <span class='ocrx_word' id='word_1_412' title='bbox 969 4039 1115 4123; x_wconf 71' lang='lat' dir='ltr'>siqnificet</span> <span class='ocrx_word' id='word_1_413' title='bbox 1146 4035 1333 4100; x_wconf 83' lang='lat' dir='ltr'>contrariom</span> <span class='ocrx_word' id='word_1_414' title='bbox 1354 4035 1443 4112; x_wconf 84' lang='lat' dir='ltr'>eins,</span> 
     </span>
     <span class='ocr_line' id='line_1_44' title="bbox 217 4119 1446 4220; baseline -0.014 -23"><span class='ocrx_word' id='word_1_415' title='bbox 217 4150 351 4220; x_wconf 85' lang='lat' dir='ltr'>uunquam</span> <span class='ocrx_word' id='word_1_416' title='bbox 366 4141 470 4216; x_wconf 88' lang='lat' dir='ltr'>licere,</span> <span class='ocrx_word' id='word_1_417' title='bbox 487 4133 595 4200; x_wconf 87' lang='lat' dir='ltr'>exinde</span> <span class='ocrx_word' id='word_1_418' title='bbox 608 4139 701 4214; x_wconf 88' lang='lat' dir='ltr'>patet,</span> <span class='ocrx_word' id='word_1_419' title='bbox 717 4129 799 4210; x_wconf 89' lang='lat' dir='ltr'>quod</span> <span class='ocrx_word' id='word_1_420' title='bbox 838 4127 916 4207; x_wconf 78' lang='lat' dir='ltr'>quod</span> <span class='ocrx_word' id='word_1_421' title='bbox 940 4125 976 4188; x_wconf 84' lang='lat' dir='ltr'>io</span> <span class='ocrx_word' id='word_1_422' title='bbox 991 4143 1024 4188; x_wconf 85' lang='lat' dir='ltr'>eo</span> <span class='ocrx_word' id='word_1_423' title='bbox 1042 4131 1094 4200; x_wconf 88' lang='lat' dir='ltr'>eat,</span> <span class='ocrx_word' id='word_1_424' title='bbox 1112 4122 1190 4202; x_wconf 81' lang='lat' dir='ltr'>puod</span> <span class='ocrx_word' id='word_1_425' title='bbox 1203 4119 1328 4202; x_wconf 82' lang='lat' dir='ltr'>proprie</span> <span class='ocrx_word' id='word_1_426' title='bbox 1348 4119 1446 4182; x_wconf 84' lang='lat' dir='ltr'>stmu-</span> 
     </span>
     <span class='ocr_line' id='line_1_45' title="bbox 217 4207 1126 4306; baseline -0.019 -20"><span class='ocrx_word' id='word_1_427' title='bbox 217 4234 245 4280; x_wconf 70' lang='grc'>33</span> <span class='ocrx_word' id='word_1_428' title='bbox 261 4225 442 4306; x_wconf 86' lang='lat' dir='ltr'>aequivaleat</span> <span class='ocrx_word' id='word_1_429' title='bbox 465 4220 536 4284; x_wconf 86' lang='lat' dir='ltr'>fidei</span> <span class='ocrx_word' id='word_1_430' title='bbox 552 4214 704 4297; x_wconf 81' lang='lat' dir='ltr'>negationi</span> <span class='ocrx_word' id='word_1_431' title='bbox 723 4231 798 4276; x_wconf 89' lang='lat' dir='ltr'>con·</span> <span class='ocrx_word' id='word_1_432' title='bbox 839 4213 914 4275; x_wconf 87' lang='lat' dir='ltr'>lotio</span> <span class='ocrx_word' id='word_1_433' title='bbox 932 4210 1045 4274; x_wconf 84' lang='lat' dir='ltr'>dicitur</span> <span class='ocrx_word' id='word_1_434' title='bbox 1064 4207 1126 4289; x_wconf 89' lang='grc'>(4).</span> 
     </span>
    </p>
   </div>
   <div class='ocr_carea' id='block_1_6' title="bbox 219 4367 1441 4579">
    <p class='ocr_par' dir='ltr' id='par_1_7' title="bbox 219 4367 1441 4579">
     <span class='ocr_line' id='line_1_46' title="bbox 219 4367 1407 4500; baseline -0.019 -57"><span class='ocrx_word' id='word_1_435' title='bbox 219 4383 280 4500; x_wconf 41' lang='grc' dir='ltr'>ηυξ</span> <span class='ocrx_word' id='word_1_436' title='bbox 302 4389 341 4442; x_wconf 75' lang='lat' dir='ltr'>(li.</span> <span class='ocrx_word' id='word_1_437' title='bbox 373 4386 574 4457; x_wconf 71' lang='lat' dir='ltr'>Albaspinaeurn</span> <span class='ocrx_word' id='word_1_438' title='bbox 597 4381 798 4436; x_wconf 69' lang='lat' dir='ltr'>Observationum</span> <span class='ocrx_word' id='word_1_439' title='bbox 884 4369 1145 4492; x_wconf 56' lang='lat' dir='ltr'>ilipllstdacbeb.</span> <span class='ocrx_word' id='word_1_440' title='bbox 1163 4367 1210 4434; x_wconf 81' lang='lat' dir='ltr'>Vl,</span> <span class='ocrx_word' id='word_1_441' title='bbox 1228 4371 1341 4450; x_wconf 61' lang='lat' dir='ltr'>2l3-28.</span> <span class='ocrx_word' id='word_1_442' title='bbox 1400 4434 1407 4450; x_wconf 81' lang='lat'><strong>.</strong></span> 
     </span>
     <span class='ocr_line' id='line_1_47' title="bbox 220 4436 1441 4579; baseline -0.012 -9"><span class='ocrx_word' id='word_1_443' title='bbox 220 4455 491 4578; x_wconf 54' lang='grc' dir='ltr'>4404ᾞῖἶὶἱοῖἶῖ</span> <span class='ocrx_word' id='word_1_444' title='bbox 506 4453 798 4579; x_wconf 60' lang='lat' dir='ltr'>lhss&#39;ilahlthlll</span> <span class='ocrx_word' id='word_1_445' title='bbox 838 4515 871 4564; x_wconf 73' lang='lat' dir='ltr'>aa</span> <span class='ocrx_word' id='word_1_446' title='bbox 884 4441 1139 4564; x_wconf 49' lang='lat' dir='ltr'>hillidii?</span> <span class='ocrx_word' id='word_1_447' title='bbox 1158 4436 1351 4502; x_wconf 74' lang='lat'><strong>⁰⁰&#39;“¹⁰&#39;“’⁰⁰¹&#39;</strong></span> <span class='ocrx_word' id='word_1_448' title='bbox 1365 4442 1441 4504; x_wconf 64' lang='lat' dir='ltr'>‘&#39;m‘&#39;</span> 
     </span>
    </p>
   </div>
   <div class='ocr_carea' id='block_1_7' title="bbox 218 4569 1443 4716">
    <p class='ocr_par' dir='ltr' id='par_1_8' title="bbox 218 4569 1443 4716">
     <span class='ocr_line' id='line_1_48' title="bbox 220 4569 1443 4667; baseline -0.016 -23"><span class='ocrx_word' id='word_1_449' title='bbox 220 4585 309 4667; x_wconf 76' lang='lat' dir='ltr'>innoxia</span> <span class='ocrx_word' id='word_1_450' title='bbox 319 4594 344 4645; x_wconf 89' lang='lat' dir='ltr'>in</span> <span class='ocrx_word' id='word_1_451' title='bbox 356 4593 479 4665; x_wconf 84' lang='lat' dir='ltr'>quosdam</span> <span class='ocrx_word' id='word_1_452' title='bbox 502 4605 612 4644; x_wconf 80' lang='lat' dir='ltr'>canones</span> <span class='ocrx_word' id='word_1_453' title='bbox 629 4584 798 4640; x_wconf 87' lang='lat' dir='ltr'>conciliorum</span> <span class='ocrx_word' id='word_1_454' title='bbox 839 4649 845 4660; x_wconf 20' lang='grc' dir='ltr'>ι</span> <span class='ocrx_word' id='word_1_455' title='bbox 867 4579 911 4658; x_wconf 60' lang='lat' dir='ltr'>tt)</span> <span class='ocrx_word' id='word_1_456' title='bbox 924 4579 960 4642; x_wconf 88' lang='lat' dir='ltr'>ll,</span> <span class='ocrx_word' id='word_1_457' title='bbox 977 4583 1005 4643; x_wconf 77' lang='lat'>2,</span> <span class='ocrx_word' id='word_1_458' title='bbox 1029 4593 1056 4644; x_wconf 90' lang='lat' dir='ltr'>q.</span> <span class='ocrx_word' id='word_1_459' title='bbox 1077 4579 1136 4640; x_wconf 88' lang='grc'>444,</span> <span class='ocrx_word' id='word_1_460' title='bbox 1160 4581 1210 4626; x_wconf 84' lang='lat' dir='ltr'>art.</span> <span class='ocrx_word' id='word_1_461' title='bbox 1231 4576 1255 4623; x_wconf 87' lang='grc'>4.</span> <span class='ocrx_word' id='word_1_462' title='bbox 1276 4570 1346 4623; x_wconf 84' lang='lat' dir='ltr'>ldorn</span> <span class='ocrx_word' id='word_1_463' title='bbox 1364 4569 1443 4624; x_wconf 79' lang='lat' dir='ltr'>habet</span> 
     </span>
     <span class='ocr_line' id='line_1_49' title="bbox 218 4646 1100 4716; baseline -0.007 -14"><span class='ocrx_word' id='word_1_464' title='bbox 218 4653 290 4710; x_wconf 68' lang='lat' dir='ltr'>asne.</span> <span class='ocrx_word' id='word_1_465' title='bbox 838 4646 903 4700; x_wconf 84' lang='lat' dir='ltr'>rbad.</span> <span class='ocrx_word' id='word_1_466' title='bbox 917 4663 944 4716; x_wconf 90' lang='lat' dir='ltr'>q.</span> <span class='ocrx_word' id='word_1_467' title='bbox 957 4649 999 4712; x_wconf 83' lang='lat' dir='ltr'>ot,</span> <span class='ocrx_word' id='word_1_468' title='bbox 1013 4653 1061 4698; x_wconf 87' lang='lat' dir='ltr'>art.</span> <span class='ocrx_word' id='word_1_469' title='bbox 1073 4650 1100 4696; x_wconf 77' lang='grc'>4.</span> 
     </span>
    </p>
   </div>
   <div class='ocr_carea' id='block_1_8' title="bbox 289 4739 1361 4831">
    <p class='ocr_par' dir='ltr' id='par_1_9' title="bbox 289 4739 1361 4831">
     <span class='ocr_line' id='line_1_50' title="bbox 289 4739 1361 4831; baseline 0.001 -12"><span class='ocrx_word' id='word_1_470' title='bbox 289 4756 434 4831; x_wconf 78' lang='lat' dir='ltr'>lennoun,</span> <span class='ocrx_word' id='word_1_471' title='bbox 455 4761 497 4824; x_wconf 82' lang='lat' dir='ltr'>De</span> <span class='ocrx_word' id='word_1_472' title='bbox 521 4758 684 4823; x_wconf 82' lang='lat' dir='ltr'>Virtutibus</span> <span class='ocrx_word' id='word_1_473' title='bbox 1337 4739 1361 4802; x_wconf 41' lang='lat'>&#39;5</span> 
     </span>
    </p>
   </div>
   <div class='ocr_carea' id='block_1_9' title="bbox 0 0 1858 5659">
    <p class='ocr_par' dir='ltr' id='par_1_10' title="bbox 0 0 1858 5659">
     <span class='ocr_line' id='line_1_51' title="bbox 0 0 1858 5659; baseline 0 0"><span class='ocrx_word' id='word_1_474' title='bbox 0 0 1858 5659; x_wconf 95' lang='lat' dir='ltr'> </span> 
     </span>
    </p>
   </div>
  </div>
 </body>
</html>
