<?xml version="1.0" encoding="UTF-8"?>
<!DOCTYPE html PUBLIC "-//W3C//DTD XHTML 1.0 Transitional//EN"
    "http://www.w3.org/TR/xhtml1/DTD/xhtml1-transitional.dtd">
<html xmlns="http://www.w3.org/1999/xhtml" xml:lang="en" lang="en">
 <head>
  <title>
</title>
<meta http-equiv="Content-Type" content="text/html;charset=utf-8" />
  <meta name='ocr-system' content='tesseract 3.04.00' />
  <meta name='ocr-capabilities' content='ocr_page ocr_carea ocr_par ocr_line ocrx_word'/>
</head>
<body>
  <div class='ocr_page' id='page_1' title='image "./praelectionesth09perrgoog_0072.png"; bbox 0 0 3700 5659; ppageno 0'>
   <div class='ocr_carea' id='block_1_1' title="bbox 412 487 1061 549">
    <p class='ocr_par' dir='ltr' id='par_1_1' title="bbox 412 487 1061 549">
     <span class='ocr_line' id='line_1_1' title="bbox 412 487 1061 549; baseline -0.011 0"><span class='ocrx_word' id='word_1_1' title='bbox 412 487 453 549; x_wconf 85' lang='grc'><strong><em>60</em></strong></span> <span class='ocrx_word' id='word_1_2' title='bbox 937 498 975 543; x_wconf 81' lang='lat' dir='ltr'><strong><em>nn</em></strong></span> <span class='ocrx_word' id='word_1_3' title='bbox 993 498 1061 543; x_wconf 81' lang='lat' dir='ltr'><strong><em>rnna</em></strong></span> 
     </span>
    </p>
   </div>
   <div class='ocr_carea' id='block_1_2' title="bbox 293 587 1665 3948">
    <p class='ocr_par' dir='ltr' id='par_1_2' title="bbox 293 587 1617 2102">
     <span class='ocr_line' id='line_1_2' title="bbox 293 587 1602 679; baseline -0.005 -21"><span class='ocrx_word' id='word_1_4' title='bbox 293 654 295 657; x_wconf 89' lang='lat'>.</span> <span class='ocrx_word' id='word_1_5' title='bbox 370 594 618 679; x_wconf 72' lang='lat' dir='ltr'>perstringentem</span> <span class='ocrx_word' id='word_1_6' title='bbox 646 589 835 654; x_wconf 87' lang='lat' dir='ltr'><strong><em>llanichacos</em></strong></span> <span class='ocrx_word' id='word_1_7' title='bbox 862 610 897 654; x_wconf 86' lang='lat' dir='ltr'><strong><em>ex</em></strong></span> <span class='ocrx_word' id='word_1_8' title='bbox 914 589 972 654; x_wconf 90' lang='lat' dir='ltr'><strong><em>iis·</em></strong></span> <span class='ocrx_word' id='word_1_9' title='bbox 1015 589 1195 670; x_wconf 90' lang='lat' dir='ltr'><strong><em>credibilia,</em></strong></span> <span class='ocrx_word' id='word_1_10' title='bbox 1230 590 1290 655; x_wconf 92' lang='lat' dir='ltr'><strong><em>sint</em></strong></span> <span class='ocrx_word' id='word_1_11' title='bbox 1321 588 1439 673; x_wconf 89' lang='lat' dir='ltr'><strong><em>pariter</em></strong></span> <span class='ocrx_word' id='word_1_12' title='bbox 1473 587 1602 654; x_wconf 79' lang='lat' dir='ltr'><strong><em>evidenter</em></strong></span> 
     </span>
     <span class='ocr_line' id='line_1_3' title="bbox 371 677 1096 756; baseline -0.006 -16"><span class='ocrx_word' id='word_1_13' title='bbox 371 683 440 742; x_wconf 72' lang='lat' dir='ltr'><strong><em>«leun</em></strong></span> <span class='ocrx_word' id='word_1_14' title='bbox 459 677 563 756; x_wconf 80' lang='lat' dir='ltr'><strong><em>signis:</em></strong></span> <span class='ocrx_word' id='word_1_15' title='bbox 585 677 663 752; x_wconf 81' lang='lat' dir='ltr'><strong><em>Quid</em></strong></span> <span class='ocrx_word' id='word_1_16' title='bbox 680 677 719 739; x_wconf 90' lang='lat' dir='ltr'><strong><em>nd</em></strong></span> <span class='ocrx_word' id='word_1_17' title='bbox 734 678 804 740; x_wconf 84' lang='lat' dir='ltr'><strong><em>laec</em></strong></span> <span class='ocrx_word' id='word_1_18' title='bbox 821 677 974 755; x_wconf 88' lang='lat' dir='ltr'><strong><em>responde·</em></strong></span> <span class='ocrx_word' id='word_1_19' title='bbox 1016 694 1096 737; x_wconf 87' lang='lat' dir='ltr'><strong><em>vera.</em></strong></span> 
     </span>
     <span class='ocr_line' id='line_1_4' title="bbox 371 756 1604 842; baseline -0.007 -15"><span class='ocrx_word' id='word_1_20' title='bbox 371 767 432 842; x_wconf 84' lang='lat' dir='ltr'><strong><em>tls,</em></strong></span> <span class='ocrx_word' id='word_1_21' title='bbox 453 762 581 826; x_wconf 82' lang='lat' dir='ltr'><strong><em>insani?</em></strong></span> <span class='ocrx_word' id='word_1_22' title='bbox 602 761 711 840; x_wconf 82' lang='lat' dir='ltr'><strong><em>Nempe</em></strong></span> <span class='ocrx_word' id='word_1_23' title='bbox 728 761 788 824; x_wconf 84' lang='lat' dir='ltr'><strong><em>ista</em></strong></span> <span class='ocrx_word' id='word_1_24' title='bbox 813 759 975 839; x_wconf 79' lang='lat' dir='ltr'><strong><em>nsanisesto</em></strong></span> <span class='ocrx_word' id='word_1_25' title='bbox 1058 758 1131 822; x_wconf 69' lang='lat'><strong>230.</strong></span> <span class='ocrx_word' id='word_1_26' title='bbox 1153 756 1191 820; x_wconf 89' lang='lat' dir='ltr'><strong><em>ll.</em></strong></span> <span class='ocrx_word' id='word_1_27' title='bbox 1212 757 1410 840; x_wconf 77' lang='lat' dir='ltr'><strong><em>Colligimus,</em></strong></span> <span class='ocrx_word' id='word_1_28' title='bbox 1429 756 1515 820; x_wconf 86' lang='lat' dir='ltr'><strong><em>fidem</em></strong></span> <span class='ocrx_word' id='word_1_29' title='bbox 1532 758 1604 819; x_wconf 87' lang='lat' dir='ltr'><strong><em>theo-</em></strong></span> 
     </span>
     <span class='ocr_line' id='line_1_5' title="bbox 372 841 1605 925; baseline -0.008 -14"><span class='ocrx_word' id='word_1_30' title='bbox 372 856 456 911; x_wconf 88' lang='lat' dir='ltr'><strong><em>snnt:</em></strong></span> <span class='ocrx_word' id='word_1_31' title='bbox 483 862 586 925; x_wconf 73' lang='lat' dir='ltr'><strong><em>manne</em></strong></span> <span class='ocrx_word' id='word_1_32' title='bbox 603 863 703 908; x_wconf 90' lang='lat' dir='ltr'><strong><em>omnes</em></strong></span> <span class='ocrx_word' id='word_1_33' title='bbox 720 889 729 919; x_wconf 95' lang='lat'><strong><em>,</em></strong></span> <span class='ocrx_word' id='word_1_34' title='bbox 749 862 810 906; x_wconf 92' lang='lat' dir='ltr'><strong><em>non</em></strong></span> <span class='ocrx_word' id='word_1_35' title='bbox 840 844 905 907; x_wconf 87' lang='lat' dir='ltr'><strong><em>dico</em></strong></span> <span class='ocrx_word' id='word_1_36' title='bbox 922 861 974 906; x_wconf 90' lang='lat' dir='ltr'><strong><em>cc·</em></strong></span> <span class='ocrx_word' id='word_1_37' title='bbox 1016 843 1143 922; x_wconf 81' lang='lat' dir='ltr'><strong>logicam</strong></span> <span class='ocrx_word' id='word_1_38' title='bbox 1159 861 1226 904; x_wconf 90' lang='lat' dir='ltr'><strong><em>esse</em></strong></span> <span class='ocrx_word' id='word_1_39' title='bbox 1240 863 1300 906; x_wconf 93' lang='lat' dir='ltr'><strong><em>non</em></strong></span> <span class='ocrx_word' id='word_1_40' title='bbox 1318 860 1411 924; x_wconf 88' lang='lat' dir='ltr'><strong><em>posse</em></strong></span> <span class='ocrx_word' id='word_1_41' title='bbox 1429 842 1495 904; x_wconf 92' lang='lat' dir='ltr'><strong><em>sine</em></strong></span> <span class='ocrx_word' id='word_1_42' title='bbox 1512 841 1605 902; x_wconf 86' lang='lat' dir='ltr'><strong><em>firmis-</em></strong></span> 
     </span>
     <span class='ocr_line' id='line_1_6' title="bbox 373 924 1606 1005; baseline -0.006 -9"><span class='ocrx_word' id='word_1_43' title='bbox 373 931 505 996; x_wconf 81' lang='lat' dir='ltr'><strong><em>lnnnnios</em></strong></span> <span class='ocrx_word' id='word_1_44' title='bbox 534 929 799 1005; x_wconf 72' lang='lat' dir='ltr'><strong><em>contradictionis,</em></strong></span> <span class='ocrx_word' id='word_1_45' title='bbox 817 929 867 991; x_wconf 90' lang='lat' dir='ltr'><strong><em>sed</em></strong></span> <span class='ocrx_word' id='word_1_46' title='bbox 887 928 976 992; x_wconf 89' lang='lat' dir='ltr'><strong><em>etiam</em></strong></span> <span class='ocrx_word' id='word_1_47' title='bbox 1018 927 1094 988; x_wconf 92' lang='lat' dir='ltr'><strong><em>simo</em></strong></span> <span class='ocrx_word' id='word_1_48' title='bbox 1113 926 1221 989; x_wconf 91' lang='lat' dir='ltr'><strong><em>mentis</em></strong></span> <span class='ocrx_word' id='word_1_49' title='bbox 1252 945 1379 990; x_wconf 88' lang='lat' dir='ltr'><strong><em>assensu</em></strong></span> <span class='ocrx_word' id='word_1_50' title='bbox 1399 969 1408 1000; x_wconf 91' lang='lat'><strong><em>,</em></strong></span> <span class='ocrx_word' id='word_1_51' title='bbox 1430 924 1484 1005; x_wconf 93' lang='lat' dir='ltr'><strong><em>qni</em></strong></span> <span class='ocrx_word' id='word_1_52' title='bbox 1506 943 1606 988; x_wconf 88' lang='lat' dir='ltr'><strong><em>omnen</em></strong></span> 
     </span>
     <span class='ocr_line' id='line_1_7' title="bbox 373 1007 1606 1092; baseline -0.007 -13"><span class='ocrx_word' id='word_1_53' title='bbox 373 1016 497 1079; x_wconf 75' lang='lat' dir='ltr'><strong><em>nebulas</em></strong></span> <span class='ocrx_word' id='word_1_54' title='bbox 516 1012 710 1077; x_wconf 80' lang='lat' dir='ltr'><strong><em>dubitationis</em></strong></span> <span class='ocrx_word' id='word_1_55' title='bbox 736 1013 886 1092; x_wconf 75' lang='lat' dir='ltr'><strong><em>sepelliant</em></strong></span> <span class='ocrx_word' id='word_1_56' title='bbox 906 1011 975 1091; x_wconf 87' lang='lat' dir='ltr'><strong><em>(l);</em></strong></span> <span class='ocrx_word' id='word_1_57' title='bbox 1018 1010 1236 1074; x_wconf 73' lang='lat' dir='ltr'><strong><em>dubitationem</em></strong></span> <span class='ocrx_word' id='word_1_58' title='bbox 1268 1009 1421 1074; x_wconf 86' lang='lat' dir='ltr'><strong><em>excludat.</em></strong></span> <span class='ocrx_word' id='word_1_59' title='bbox 1444 1007 1606 1090; x_wconf 82' lang='lat' dir='ltr'><strong><em>Siquidem,</em></strong></span> 
     </span>
     <span class='ocr_line' id='line_1_8' title="bbox 373 1091 1608 1179; baseline -0.008 -17"><span class='ocrx_word' id='word_1_60' title='bbox 373 1120 443 1164; x_wconf 87' lang='lat' dir='ltr'><strong><em>cum</em></strong></span> <span class='ocrx_word' id='word_1_61' title='bbox 471 1097 583 1179; x_wconf 90' lang='lat' dir='ltr'><strong><em>quibus</em></strong></span> <span class='ocrx_word' id='word_1_62' title='bbox 612 1096 706 1159; x_wconf 90' lang='lat' dir='ltr'><strong><em>ceteri</em></strong></span> <span class='ocrx_word' id='word_1_63' title='bbox 734 1115 795 1158; x_wconf 90' lang='lat' dir='ltr'><strong><em>nno</em></strong></span> <span class='ocrx_word' id='word_1_64' title='bbox 828 1113 978 1158; x_wconf 90' lang='lat' dir='ltr'><strong><em>consensu</em></strong></span> <span class='ocrx_word' id='word_1_65' title='bbox 1019 1103 1052 1157; x_wconf 92' lang='lat' dir='ltr'><strong><em>ut</em></strong></span> <span class='ocrx_word' id='word_1_66' title='bbox 1067 1093 1235 1158; x_wconf 87' lang='lat' dir='ltr'><strong><em>certissima</em></strong></span> <span class='ocrx_word' id='word_1_67' title='bbox 1250 1103 1390 1158; x_wconf 90' lang='lat' dir='ltr'><strong><em>suntnec</em></strong></span> <span class='ocrx_word' id='word_1_68' title='bbox 1413 1093 1470 1154; x_wconf 92' lang='lat' dir='ltr'><strong><em>ulli</em></strong></span> <span class='ocrx_word' id='word_1_69' title='bbox 1489 1091 1608 1154; x_wconf 81' lang='lat' dir='ltr'><strong><em>salsitatis</em></strong></span> 
     </span>
     <span class='ocr_line' id='line_1_9' title="bbox 374 1178 1610 1260; baseline -0.007 -14"><span class='ocrx_word' id='word_1_70' title='bbox 374 1182 566 1246; x_wconf 79' lang='lat' dir='ltr'><strong><em>conveniunt.</em></strong></span> <span class='ocrx_word' id='word_1_71' title='bbox 580 1178 655 1242; x_wconf 91' lang='lat' dir='ltr'><strong><em>Hinc</em></strong></span> <span class='ocrx_word' id='word_1_72' title='bbox 667 1180 774 1242; x_wconf 89' lang='lat' dir='ltr'><strong><em>merito</em></strong></span> <span class='ocrx_word' id='word_1_73' title='bbox 789 1198 815 1241; x_wconf 90' lang='lat' dir='ltr'><strong><em>s.</em></strong></span> <span class='ocrx_word' id='word_1_74' title='bbox 832 1178 976 1256; x_wconf 74' lang='lat' dir='ltr'><strong><em>thomae,</em></strong></span> <span class='ocrx_word' id='word_1_75' title='bbox 1019 1178 1152 1260; x_wconf 91' lang='lat' dir='ltr'><strong><em>periculo</em></strong></span> <span class='ocrx_word' id='word_1_76' title='bbox 1169 1179 1309 1257; x_wconf 82' lang='lat' dir='ltr'><strong><em>obnoxia,</em></strong></span> <span class='ocrx_word' id='word_1_77' title='bbox 1324 1196 1405 1260; x_wconf 85' lang='lat' dir='ltr'><strong><em>quae</em></strong></span> <span class='ocrx_word' id='word_1_78' title='bbox 1419 1195 1475 1258; x_wconf 87' lang='lat' dir='ltr'><strong><em>per</em></strong></span> <span class='ocrx_word' id='word_1_79' title='bbox 1486 1194 1550 1238; x_wconf 86' lang='lat' dir='ltr'><strong><em>eam</em></strong></span> <span class='ocrx_word' id='word_1_80' title='bbox 1561 1194 1610 1237; x_wconf 91' lang='lat' dir='ltr'><strong><em>ore-</em></strong></span> 
     </span>
     <span class='ocr_line' id='line_1_10' title="bbox 374 1259 1610 1344; baseline -0.011 -13"><span class='ocrx_word' id='word_1_81' title='bbox 374 1270 443 1332; x_wconf 89' lang='lat' dir='ltr'><strong><em>Non</em></strong></span> <span class='ocrx_word' id='word_1_82' title='bbox 462 1266 542 1329; x_wconf 78' lang='lat' dir='ltr'><strong><em>casine</em></strong></span> <span class='ocrx_word' id='word_1_83' title='bbox 561 1266 704 1341; x_wconf 88' lang='lat' dir='ltr'><strong><em>crederet,</em></strong></span> <span class='ocrx_word' id='word_1_84' title='bbox 724 1263 834 1344; x_wconf 91' lang='lat' dir='ltr'><strong><em>inquit,</em></strong></span> <span class='ocrx_word' id='word_1_85' title='bbox 851 1263 912 1325; x_wconf 89' lang='lat' dir='ltr'><strong><em>nisi</em></strong></span> <span class='ocrx_word' id='word_1_86' title='bbox 931 1263 978 1325; x_wconf 89' lang='lat' dir='ltr'><strong><em>oi·</em></strong></span> <span class='ocrx_word' id='word_1_87' title='bbox 1019 1261 1116 1325; x_wconf 92' lang='lat' dir='ltr'><strong><em>denda</em></strong></span> <span class='ocrx_word' id='word_1_88' title='bbox 1134 1272 1353 1343; x_wconf 89' lang='lat' dir='ltr'><strong><em>proponuntur,</em></strong></span> <span class='ocrx_word' id='word_1_89' title='bbox 1374 1261 1420 1324; x_wconf 91' lang='lat' dir='ltr'><strong><em>ita</em></strong></span> <span class='ocrx_word' id='word_1_90' title='bbox 1436 1259 1610 1322; x_wconf 87' lang='lat' dir='ltr'><strong><em>firmissimus</em></strong></span> 
     </span>
     <span class='ocr_line' id='line_1_11' title="bbox 374 1346 1609 1428; baseline -0.009 -14"><span class='ocrx_word' id='word_1_91' title='bbox 374 1356 468 1427; x_wconf 89' lang='lat' dir='ltr'><strong><em>deret,</em></strong></span> <span class='ocrx_word' id='word_1_92' title='bbox 488 1368 523 1412; x_wconf 86' lang='lat' dir='ltr'><strong><em>aa</em></strong></span> <span class='ocrx_word' id='word_1_93' title='bbox 541 1366 600 1411; x_wconf 88' lang='lat' dir='ltr'><strong><em>csse</em></strong></span> <span class='ocrx_word' id='word_1_94' title='bbox 616 1349 773 1424; x_wconf 65' lang='lat' dir='ltr'><strong><em>emenda,</em></strong></span> <span class='ocrx_word' id='word_1_95' title='bbox 792 1348 835 1410; x_wconf 88' lang='lat' dir='ltr'><strong><em>oet</em></strong></span> <span class='ocrx_word' id='word_1_96' title='bbox 857 1355 980 1426; x_wconf 84' lang='lat' dir='ltr'><strong><em>propter</em></strong></span> <span class='ocrx_word' id='word_1_97' title='bbox 1021 1355 1050 1408; x_wconf 88' lang='lat' dir='ltr'><strong><em>et</em></strong></span> <span class='ocrx_word' id='word_1_98' title='bbox 1067 1346 1265 1409; x_wconf 88' lang='lat' dir='ltr'><strong><em>inconcussus</em></strong></span> <span class='ocrx_word' id='word_1_99' title='bbox 1282 1347 1321 1410; x_wconf 90' lang='lat' dir='ltr'><strong><em>sit</em></strong></span> <span class='ocrx_word' id='word_1_100' title='bbox 1335 1352 1461 1428; x_wconf 89' lang='lat' dir='ltr'><strong><em>oportet</em></strong></span> <span class='ocrx_word' id='word_1_101' title='bbox 1475 1361 1609 1418; x_wconf 79' lang='lat' dir='ltr'><strong><em>assensus,</em></strong></span> 
     </span>
     <span class='ocr_line' id='line_1_12' title="bbox 375 1429 1502 1512; baseline -0.009 -14"><span class='ocrx_word' id='word_1_102' title='bbox 375 1435 553 1498; x_wconf 86' lang='lat' dir='ltr'><strong><em>euidentiam</em></strong></span> <span class='ocrx_word' id='word_1_103' title='bbox 570 1432 739 1512; x_wconf 79' lang='lat' dir='ltr'><strong><em>siqnornm,</em></strong></span> <span class='ocrx_word' id='word_1_104' title='bbox 756 1433 931 1512; x_wconf 82' lang='lat' dir='ltr'><strong><em>eelpropter</em></strong></span> <span class='ocrx_word' id='word_1_105' title='bbox 949 1447 981 1494; x_wconf 90' lang='lat' dir='ltr'><strong><em>a·</em></strong></span> <span class='ocrx_word' id='word_1_106' title='bbox 1022 1449 1183 1512; x_wconf 89' lang='lat' dir='ltr'><strong><em>quomens</em></strong></span> <span class='ocrx_word' id='word_1_107' title='bbox 1201 1429 1307 1492; x_wconf 88' lang='lat' dir='ltr'><strong><em>iisdem</em></strong></span> <span class='ocrx_word' id='word_1_108' title='bbox 1320 1429 1502 1494; x_wconf 80' lang='lat' dir='ltr'><strong><em>assentitur.</em></strong></span> 
     </span>
     <span class='ocr_line' id='line_1_13' title="bbox 377 1509 1612 1599; baseline -0.01 -19"><span class='ocrx_word' id='word_1_109' title='bbox 377 1518 472 1599; x_wconf 83' lang='lat' dir='ltr'><strong><em>liquid</em></strong></span> <span class='ocrx_word' id='word_1_110' title='bbox 489 1517 633 1578; x_wconf 85' lang='lat' dir='ltr'><strong><em>eiusmodi</em></strong></span> <span class='ocrx_word' id='word_1_111' title='bbox 645 1515 706 1596; x_wconf 67' lang='lat'><strong><em>(⁹2),</em></strong></span> <span class='ocrx_word' id='word_1_112' title='bbox 719 1515 881 1578; x_wconf 90' lang='lat' dir='ltr'><strong><em>etiterum:</em></strong></span> <span class='ocrx_word' id='word_1_113' title='bbox 897 1515 982 1589; x_wconf 81' lang='lat' dir='ltr'><strong><em>Quod</em></strong></span> <span class='ocrx_word' id='word_1_114' title='bbox 1063 1514 1136 1576; x_wconf 76' lang='lat' dir='ltr'><strong><em>est.</em></strong></span> <span class='ocrx_word' id='word_1_115' title='bbox 1151 1513 1201 1576; x_wconf 93' lang='lat' dir='ltr'><strong>III.</strong></span> <span class='ocrx_word' id='word_1_116' title='bbox 1217 1513 1404 1594; x_wconf 79' lang='lat' dir='ltr'><strong><em>colligimus,</em></strong></span> <span class='ocrx_word' id='word_1_117' title='bbox 1427 1509 1612 1574; x_wconf 86' lang='lat' dir='ltr'><strong><em>voluntarium</em></strong></span> 
     </span>
     <span class='ocr_line' id='line_1_14' title="bbox 378 1593 1613 1679; baseline -0.01 -15"><span class='ocrx_word' id='word_1_118' title='bbox 378 1602 542 1664; x_wconf 83' lang='lat' dir='ltr'><strong><em>intellectos</em></strong></span> <span class='ocrx_word' id='word_1_119' title='bbox 556 1599 775 1675; x_wconf 84' lang='lat' dir='ltr'><strong><em>convincetur,</em></strong></span> <span class='ocrx_word' id='word_1_120' title='bbox 797 1608 829 1662; x_wconf 89' lang='lat' dir='ltr'><strong><em>nt</em></strong></span> <span class='ocrx_word' id='word_1_121' title='bbox 848 1600 979 1676; x_wconf 88' lang='lat' dir='ltr'><strong><em>indicet,</em></strong></span> <span class='ocrx_word' id='word_1_122' title='bbox 1023 1598 1236 1679; x_wconf 90' lang='lat' dir='ltr'><strong><em>quodcumque</em></strong></span> <span class='ocrx_word' id='word_1_123' title='bbox 1253 1598 1333 1661; x_wconf 88' lang='lat' dir='ltr'><strong><em>circa</em></strong></span> <span class='ocrx_word' id='word_1_124' title='bbox 1346 1617 1397 1660; x_wconf 90' lang='lat' dir='ltr'><strong><em>res</em></strong></span> <span class='ocrx_word' id='word_1_125' title='bbox 1417 1595 1490 1658; x_wconf 85' lang='lat' dir='ltr'><strong><em>fidei</em></strong></span> <span class='ocrx_word' id='word_1_126' title='bbox 1505 1593 1613 1656; x_wconf 86' lang='lat' dir='ltr'><strong><em>dubium</em></strong></span> 
     </span>
     <span class='ocr_line' id='line_1_15' title="bbox 378 1681 1613 1764; baseline -0.011 -16"><span class='ocrx_word' id='word_1_127' title='bbox 378 1704 438 1748; x_wconf 86' lang='lat' dir='ltr'><strong><em>esse</em></strong></span> <span class='ocrx_word' id='word_1_128' title='bbox 457 1684 648 1760; x_wconf 85' lang='lat' dir='ltr'><strong><em>credendum,</em></strong></span> <span class='ocrx_word' id='word_1_129' title='bbox 669 1684 804 1762; x_wconf 85' lang='lat' dir='ltr'><strong><em>quamvis</em></strong></span> <span class='ocrx_word' id='word_1_130' title='bbox 821 1701 884 1746; x_wconf 91' lang='lat' dir='ltr'><strong><em>non</em></strong></span> <span class='ocrx_word' id='word_1_131' title='bbox 909 1700 982 1746; x_wconf 90' lang='lat' dir='ltr'><strong><em>con·</em></strong></span> <span class='ocrx_word' id='word_1_132' title='bbox 1023 1683 1138 1763; x_wconf 89' lang='lat' dir='ltr'><strong><em>absque</em></strong></span> <span class='ocrx_word' id='word_1_133' title='bbox 1153 1681 1233 1760; x_wconf 78' lang='lat' dir='ltr'><strong><em>gravi</em></strong></span> <span class='ocrx_word' id='word_1_134' title='bbox 1251 1683 1338 1764; x_wconf 92' lang='lat' dir='ltr'><strong><em>culpa</em></strong></span> <span class='ocrx_word' id='word_1_135' title='bbox 1352 1700 1423 1744; x_wconf 90' lang='lat' dir='ltr'><strong><em>esse</em></strong></span> <span class='ocrx_word' id='word_1_136' title='bbox 1449 1697 1512 1740; x_wconf 91' lang='lat' dir='ltr'><strong><em>non</em></strong></span> <span class='ocrx_word' id='word_1_137' title='bbox 1530 1694 1613 1758; x_wconf 89' lang='lat' dir='ltr'><strong><em>passe,</em></strong></span> 
     </span>
     <span class='ocr_line' id='line_1_16' title="bbox 378 1760 1616 1848; baseline -0.01 -17"><span class='ocrx_word' id='word_1_138' title='bbox 378 1771 519 1832; x_wconf 85' lang='lat' dir='ltr'><strong><em>vincatur</em></strong></span> <span class='ocrx_word' id='word_1_139' title='bbox 532 1785 589 1848; x_wconf 82' lang='lat' dir='ltr'><strong><em>per</em></strong></span> <span class='ocrx_word' id='word_1_140' title='bbox 606 1768 785 1830; x_wconf 84' lang='lat' dir='ltr'><strong><em>evidentiam</em></strong></span> <span class='ocrx_word' id='word_1_141' title='bbox 802 1768 867 1844; x_wconf 88' lang='lat' dir='ltr'><strong><em>rei,</em></strong></span> <span class='ocrx_word' id='word_1_142' title='bbox 888 1767 980 1842; x_wconf 90' lang='lat' dir='ltr'><strong><em>idest,</em></strong></span> <span class='ocrx_word' id='word_1_143' title='bbox 1024 1766 1116 1828; x_wconf 88' lang='lat' dir='ltr'><strong><em>immo</em></strong></span> <span class='ocrx_word' id='word_1_144' title='bbox 1133 1765 1201 1827; x_wconf 84' lang='lat' dir='ltr'><strong><em>idei</em></strong></span> <span class='ocrx_word' id='word_1_145' title='bbox 1217 1766 1313 1847; x_wconf 90' lang='lat' dir='ltr'><strong><em>ipsius</em></strong></span> <span class='ocrx_word' id='word_1_146' title='bbox 1336 1765 1489 1828; x_wconf 88' lang='lat' dir='ltr'><strong><em>iacturam</em></strong></span> <span class='ocrx_word' id='word_1_147' title='bbox 1511 1760 1616 1822; x_wconf 87' lang='lat' dir='ltr'><strong><em>induce·</em></strong></span> 
     </span>
     <span class='ocr_line' id='line_1_17' title="bbox 378 1847 1617 1931; baseline -0.011 -16"><span class='ocrx_word' id='word_1_148' title='bbox 378 1852 515 1916; x_wconf 82' lang='lat' dir='ltr'><strong><em>veritatis</em></strong></span> <span class='ocrx_word' id='word_1_149' title='bbox 532 1853 715 1928; x_wconf 88' lang='lat' dir='ltr'><strong><em>credendae,</em></strong></span> <span class='ocrx_word' id='word_1_150' title='bbox 736 1869 787 1913; x_wconf 87' lang='lat' dir='ltr'><strong><em>seo</em></strong></span> <span class='ocrx_word' id='word_1_151' title='bbox 799 1869 853 1931; x_wconf 85' lang='lat' dir='ltr'><strong><em>por</em></strong></span> <span class='ocrx_word' id='word_1_152' title='bbox 869 1851 985 1914; x_wconf 86' lang='lat' dir='ltr'><strong><em>euiden-</em></strong></span> <span class='ocrx_word' id='word_1_153' title='bbox 1024 1869 1068 1912; x_wconf 89' lang='lat' dir='ltr'><strong><em>re.</em></strong></span> <span class='ocrx_word' id='word_1_154' title='bbox 1100 1848 1173 1912; x_wconf 89' lang='lat' dir='ltr'><strong><em>Nam</em></strong></span> <span class='ocrx_word' id='word_1_155' title='bbox 1201 1849 1402 1914; x_wconf 84' lang='lat' dir='ltr'><strong><em>voluntarium</em></strong></span> <span class='ocrx_word' id='word_1_156' title='bbox 1425 1847 1552 1910; x_wconf 87' lang='lat' dir='ltr'><strong><em>dubium</em></strong></span> <span class='ocrx_word' id='word_1_157' title='bbox 1569 1860 1617 1903; x_wconf 93' lang='lat' dir='ltr'><strong><em>non</em></strong></span> 
     </span>
     <span class='ocr_line' id='line_1_18' title="bbox 379 1933 1616 2016; baseline -0.011 -17"><span class='ocrx_word' id='word_1_158' title='bbox 379 1939 454 2000; x_wconf 82' lang='lat' dir='ltr'><strong><em>liant</em></strong></span> <span class='ocrx_word' id='word_1_159' title='bbox 468 1936 675 2013; x_wconf 82' lang='lat' dir='ltr'><strong><em>intrinsecam,</em></strong></span> <span class='ocrx_word' id='word_1_160' title='bbox 685 1936 734 1998; x_wconf 89' lang='lat' dir='ltr'><strong><em>sed</em></strong></span> <span class='ocrx_word' id='word_1_161' title='bbox 744 1935 985 2016; x_wconf 82' lang='lat' dir='ltr'><strong><em>pereeidentiom</em></strong></span> <span class='ocrx_word' id='word_1_162' title='bbox 1026 1942 1123 2015; x_wconf 91' lang='lat' dir='ltr'><strong><em>potest</em></strong></span> <span class='ocrx_word' id='word_1_163' title='bbox 1141 1933 1305 1997; x_wconf 85' lang='lat' dir='ltr'><strong><em>consistere</em></strong></span> <span class='ocrx_word' id='word_1_164' title='bbox 1329 1953 1399 1996; x_wconf 84' lang='lat' dir='ltr'><strong><em>cunr</em></strong></span> <span class='ocrx_word' id='word_1_165' title='bbox 1422 1952 1461 1994; x_wconf 90' lang='lat' dir='ltr'><strong><em>ea</em></strong></span> <span class='ocrx_word' id='word_1_166' title='bbox 1494 1944 1616 1992; x_wconf 82' lang='lat' dir='ltr'><strong><em>assensus</em></strong></span> 
     </span>
     <span class='ocr_line' id='line_1_19' title="bbox 379 2013 1615 2102; baseline -0.012 -18"><span class='ocrx_word' id='word_1_167' title='bbox 379 2022 579 2085; x_wconf 66' lang='lat' dir='ltr'><strong><em>extrinsecam</em></strong></span> <span class='ocrx_word' id='word_1_168' title='bbox 598 2020 660 2102; x_wconf 90' lang='lat'><strong>(3).</strong></span> <span class='ocrx_word' id='word_1_169' title='bbox 1026 2018 1178 2094; x_wconf 83' lang='lat' dir='ltr'><strong><em>firmitate,</em></strong></span> <span class='ocrx_word' id='word_1_170' title='bbox 1199 2037 1276 2098; x_wconf 88' lang='lat' dir='ltr'><strong><em>quae</em></strong></span> <span class='ocrx_word' id='word_1_171' title='bbox 1293 2017 1363 2080; x_wconf 81' lang='lat' dir='ltr'><strong><em>fidei</em></strong></span> <span class='ocrx_word' id='word_1_172' title='bbox 1381 2013 1556 2079; x_wconf 86' lang='lat' dir='ltr'><strong><em>essentialis</em></strong></span> <span class='ocrx_word' id='word_1_173' title='bbox 1572 2017 1615 2072; x_wconf 89' lang='lat' dir='ltr'><strong><em>est.</em></strong></span> 
     </span>
    </p>

    <p class='ocr_par' dir='ltr' id='par_1_3' title="bbox 423 2095 1662 2180">
     <span class='ocr_line' id='line_1_20' title="bbox 423 2095 1662 2180; baseline -0.011 -13"><span class='ocrx_word' id='word_1_174' title='bbox 423 2105 497 2168; x_wconf 65' lang='lat'><strong><em>229.</em></strong></span> <span class='ocrx_word' id='word_1_175' title='bbox 517 2104 560 2166; x_wconf 85' lang='lat' dir='ltr'><strong><em>Ex</em></strong></span> <span class='ocrx_word' id='word_1_176' title='bbox 582 2105 628 2166; x_wconf 91' lang='lat' dir='ltr'><strong><em>his</em></strong></span> <span class='ocrx_word' id='word_1_177' title='bbox 652 2103 798 2167; x_wconf 86' lang='lat' dir='ltr'><strong><em>nonnulla</em></strong></span> <span class='ocrx_word' id='word_1_178' title='bbox 816 2103 875 2166; x_wconf 89' lang='lat' dir='ltr'><strong><em>iam</em></strong></span> <span class='ocrx_word' id='word_1_179' title='bbox 896 2102 985 2164; x_wconf 93' lang='lat' dir='ltr'><strong><em>colli·</em></strong></span> <span class='ocrx_word' id='word_1_180' title='bbox 1027 2101 1102 2164; x_wconf 91' lang='lat' dir='ltr'><strong><em>Hinc</em></strong></span> <span class='ocrx_word' id='word_1_181' title='bbox 1125 2101 1231 2164; x_wconf 89' lang='lat' dir='ltr'><strong><em>merito</em></strong></span> <span class='ocrx_word' id='word_1_182' title='bbox 1252 2101 1289 2164; x_wconf 88' lang='lat' dir='ltr'><strong><em>ab</em></strong></span> <span class='ocrx_word' id='word_1_183' title='bbox 1307 2099 1488 2164; x_wconf 89' lang='lat' dir='ltr'><strong><em>Innocentio</em></strong></span> <span class='ocrx_word' id='word_1_184' title='bbox 1507 2095 1545 2158; x_wconf 89' lang='lat' dir='ltr'><strong><em>XI</em></strong></span> <span class='ocrx_word' id='word_1_185' title='bbox 1561 2112 1617 2176; x_wconf 92' lang='lat' dir='ltr'><strong><em>pro·</em></strong></span> <span class='ocrx_word' id='word_1_186' title='bbox 1661 2169 1662 2180; x_wconf 52' lang='lat'><strong><em>,</em></strong></span> 
     </span>
    </p>

    <p class='ocr_par' dir='ltr' id='par_1_4' title="bbox 381 2185 1665 3359">
     <span class='ocr_line' id='line_1_21' title="bbox 382 2185 1616 2268; baseline -0.012 -18"><span class='ocrx_word' id='word_1_187' title='bbox 382 2189 480 2267; x_wconf 84' lang='lat' dir='ltr'><strong><em>gimus</em></strong></span> <span class='ocrx_word' id='word_1_188' title='bbox 507 2188 686 2267; x_wconf 88' lang='lat' dir='ltr'><strong><em>corollaria,</em></strong></span> <span class='ocrx_word' id='word_1_189' title='bbox 707 2207 741 2250; x_wconf 87' lang='lat' dir='ltr'><strong><em>ac</em></strong></span> <span class='ocrx_word' id='word_1_190' title='bbox 759 2187 783 2249; x_wconf 90' lang='lat' dir='ltr'><strong><em>l.</em></strong></span> <span class='ocrx_word' id='word_1_191' title='bbox 806 2187 886 2268; x_wconf 92' lang='lat' dir='ltr'><strong><em>quod</em></strong></span> <span class='ocrx_word' id='word_1_192' title='bbox 904 2195 986 2250; x_wconf 89' lang='lat' dir='ltr'><strong><em>recte</em></strong></span> <span class='ocrx_word' id='word_1_193' title='bbox 1027 2186 1138 2268; x_wconf 88' lang='lat' dir='ltr'><strong><em>scripta</em></strong></span> <span class='ocrx_word' id='word_1_194' title='bbox 1167 2193 1212 2248; x_wconf 90' lang='lat' dir='ltr'><strong><em>est</em></strong></span> <span class='ocrx_word' id='word_1_195' title='bbox 1230 2185 1408 2267; x_wconf 86' lang='lat' dir='ltr'><strong><em>propositio,</em></strong></span> <span class='ocrx_word' id='word_1_196' title='bbox 1430 2201 1512 2266; x_wconf 89' lang='lat' dir='ltr'><strong><em>quae</em></strong></span> <span class='ocrx_word' id='word_1_197' title='bbox 1540 2187 1579 2242; x_wconf 88' lang='lat' dir='ltr'><strong><em>est</em></strong></span> <span class='ocrx_word' id='word_1_198' title='bbox 1593 2195 1616 2236; x_wconf 90' lang='lat' dir='ltr'><strong><em>n.</em></strong></span> 
     </span>
     <span class='ocr_line' id='line_1_22' title="bbox 381 2264 1618 2351; baseline -0.011 -17"><span class='ocrx_word' id='word_1_199' title='bbox 381 2274 521 2336; x_wconf 87' lang='lat' dir='ltr'><strong><em>dicantur</em></strong></span> <span class='ocrx_word' id='word_1_200' title='bbox 539 2271 719 2334; x_wconf 86' lang='lat' dir='ltr'><strong><em>christianae</em></strong></span> <span class='ocrx_word' id='word_1_201' title='bbox 743 2271 898 2350; x_wconf 83' lang='lat' dir='ltr'><strong><em>religionis</em></strong></span> <span class='ocrx_word' id='word_1_202' title='bbox 921 2291 987 2350; x_wconf 75' lang='lat' dir='ltr'><strong><em>my·</em></strong></span> <span class='ocrx_word' id='word_1_203' title='bbox 1027 2287 1086 2332; x_wconf 82' lang='lat' dir='ltr'><strong><em>xm:</em></strong></span> <span class='ocrx_word' id='word_1_204' title='bbox 1104 2271 1250 2333; x_wconf 81' lang='lat' dir='ltr'><strong><em>Ascensus</em></strong></span> <span class='ocrx_word' id='word_1_205' title='bbox 1264 2270 1335 2351; x_wconf 71' lang='lat' dir='ltr'><strong><em>fidei</em></strong></span> <span class='ocrx_word' id='word_1_206' title='bbox 1348 2264 1589 2350; x_wconf 84' lang='lat' dir='ltr'><strong><em>supernaturalis</em></strong></span> <span class='ocrx_word' id='word_1_207' title='bbox 1600 2267 1618 2321; x_wconf 86' lang='lat' dir='ltr'><strong><em>et</em></strong></span> 
     </span>
     <span class='ocr_line' id='line_1_23' title="bbox 383 2345 1619 2434; baseline -0.011 -16"><span class='ocrx_word' id='word_1_208' title='bbox 383 2357 476 2418; x_wconf 90' lang='lat' dir='ltr'><strong><em>steria</em></strong></span> <span class='ocrx_word' id='word_1_209' title='bbox 494 2364 524 2417; x_wconf 92' lang='lat' dir='ltr'><strong><em>et</em></strong></span> <span class='ocrx_word' id='word_1_210' title='bbox 540 2354 697 2432; x_wconf 85' lang='lat' dir='ltr'><strong><em>dogmata,</em></strong></span> <span class='ocrx_word' id='word_1_211' title='bbox 717 2355 852 2434; x_wconf 82' lang='lat' dir='ltr'><strong><em>quamuis</em></strong></span> <span class='ocrx_word' id='word_1_212' title='bbox 871 2374 932 2416; x_wconf 93' lang='lat' dir='ltr'><strong><em>non</em></strong></span> <span class='ocrx_word' id='word_1_213' title='bbox 952 2373 988 2416; x_wconf 90' lang='lat' dir='ltr'><strong><em>e·</em></strong></span> <span class='ocrx_word' id='word_1_214' title='bbox 1028 2355 1110 2416; x_wconf 76' lang='lat' dir='ltr'><strong><em>altilis</em></strong></span> <span class='ocrx_word' id='word_1_215' title='bbox 1127 2355 1167 2418; x_wconf 93' lang='lat' dir='ltr'><strong><em>ad</em></strong></span> <span class='ocrx_word' id='word_1_216' title='bbox 1194 2355 1319 2417; x_wconf 87' lang='lat' dir='ltr'><strong><em>salutern</em></strong></span> <span class='ocrx_word' id='word_1_217' title='bbox 1349 2363 1409 2416; x_wconf 91' lang='lat' dir='ltr'><strong><em>stnt</em></strong></span> <span class='ocrx_word' id='word_1_218' title='bbox 1438 2369 1509 2415; x_wconf 87' lang='lat' dir='ltr'><strong><em>cnm</em></strong></span> <span class='ocrx_word' id='word_1_219' title='bbox 1529 2345 1619 2412; x_wconf 84' lang='lat' dir='ltr'><strong><em>notitia</em></strong></span> 
     </span>
     <span class='ocr_line' id='line_1_24' title="bbox 383 2433 1620 2518; baseline -0.007 -20"><span class='ocrx_word' id='word_1_220' title='bbox 383 2438 544 2517; x_wconf 79' lang='lat' dir='ltr'><strong><em>ridentia,</em></strong></span> <span class='ocrx_word' id='word_1_221' title='bbox 589 2457 656 2500; x_wconf 89' lang='lat' dir='ltr'><strong><em>esse</em></strong></span> <span class='ocrx_word' id='word_1_222' title='bbox 697 2447 798 2500; x_wconf 87' lang='lat' dir='ltr'><strong><em>tamen</em></strong></span> <span class='ocrx_word' id='word_1_223' title='bbox 837 2438 989 2500; x_wconf 86' lang='lat' dir='ltr'><strong><em>evidenter</em></strong></span> <span class='ocrx_word' id='word_1_224' title='bbox 1028 2439 1122 2500; x_wconf 87' lang='lat' dir='ltr'><strong><em>solnm</em></strong></span> <span class='ocrx_word' id='word_1_225' title='bbox 1137 2439 1286 2518; x_wconf 78' lang='lat' dir='ltr'><strong><em>probabili</em></strong></span> <span class='ocrx_word' id='word_1_226' title='bbox 1305 2436 1502 2501; x_wconf 86' lang='lat' dir='ltr'><strong><em>revetationis</em></strong></span> <span class='ocrx_word' id='word_1_227' title='bbox 1519 2481 1528 2512; x_wconf 97' lang='lat'><strong><em>,</em></strong></span> <span class='ocrx_word' id='word_1_228' title='bbox 1547 2433 1620 2493; x_wconf 86' lang='lat' dir='ltr'><strong><em>inno</em></strong></span> 
     </span>
     <span class='ocr_line' id='line_1_25' title="bbox 386 2516 1619 2604; baseline -0.009 -19"><span class='ocrx_word' id='word_1_229' title='bbox 386 2522 574 2599; x_wconf 88' lang='lat' dir='ltr'><strong><em>credibilia,</em></strong></span> <span class='ocrx_word' id='word_1_230' title='bbox 610 2541 645 2583; x_wconf 91' lang='lat' dir='ltr'><strong><em>ac</em></strong></span> <span class='ocrx_word' id='word_1_231' title='bbox 679 2520 804 2604; x_wconf 90' lang='lat' dir='ltr'><strong><em>proinde</em></strong></span> <span class='ocrx_word' id='word_1_232' title='bbox 837 2521 990 2584; x_wconf 83' lang='lat' dir='ltr'><strong><em>evidenter</em></strong></span> <span class='ocrx_word' id='word_1_233' title='bbox 1030 2540 1097 2584; x_wconf 88' lang='lat' dir='ltr'><strong><em>cnm</em></strong></span> <span class='ocrx_word' id='word_1_234' title='bbox 1114 2524 1289 2602; x_wconf 74' lang='lat' dir='ltr'><strong><em>tormidine,</em></strong></span> <span class='ocrx_word' id='word_1_235' title='bbox 1312 2540 1371 2602; x_wconf 87' lang='lat' dir='ltr'><strong><em>qna</em></strong></span> <span class='ocrx_word' id='word_1_236' title='bbox 1389 2522 1459 2602; x_wconf 77' lang='lat' dir='ltr'><strong><em>qnia</em></strong></span> <span class='ocrx_word' id='word_1_237' title='bbox 1476 2516 1619 2598; x_wconf 82' lang='lat' dir='ltr'><strong><em>formidet,</em></strong></span> 
     </span>
     <span class='ocr_line' id='line_1_26' title="bbox 386 2605 1506 2687; baseline -0.001 -20"><span class='ocrx_word' id='word_1_238' title='bbox 386 2625 486 2684; x_wconf 82' lang='lat' dir='ltr'><strong><em>vera3</em></strong></span> <span class='ocrx_word' id='word_1_239' title='bbox 538 2624 599 2667; x_wconf 91' lang='lat' dir='ltr'><strong><em>nou</em></strong></span> <span class='ocrx_word' id='word_1_240' title='bbox 644 2605 792 2668; x_wconf 82' lang='lat' dir='ltr'><strong><em>euidentia</em></strong></span> <span class='ocrx_word' id='word_1_241' title='bbox 838 2606 988 2687; x_wconf 89' lang='lat' dir='ltr'><strong><em>quidem,</em></strong></span> <span class='ocrx_word' id='word_1_242' title='bbox 1030 2623 1067 2670; x_wconf 88' lang='lat' dir='ltr'><strong><em>ne</em></strong></span> <span class='ocrx_word' id='word_1_243' title='bbox 1086 2607 1200 2670; x_wconf 87' lang='lat' dir='ltr'><strong><em>nonsit</em></strong></span> <span class='ocrx_word' id='word_1_244' title='bbox 1219 2607 1426 2670; x_wconf 83' lang='lat' dir='ltr'><strong><em>locntnsDans</em></strong></span> <span class='ocrx_word' id='word_1_245' title='bbox 1442 2605 1506 2686; x_wconf 76' lang='lat' dir='ltr'><strong><em>(d).</em></strong></span> 
     </span>
     <span class='ocr_line' id='line_1_27' title="bbox 390 2689 992 2753; baseline 0 -1"><span class='ocrx_word' id='word_1_246' title='bbox 390 2710 459 2753; x_wconf 91' lang='lat' dir='ltr'><strong><em>curn</em></strong></span> <span class='ocrx_word' id='word_1_247' title='bbox 479 2689 540 2752; x_wconf 92' lang='lat' dir='ltr'><strong><em>sint</em></strong></span> <span class='ocrx_word' id='word_1_248' title='bbox 562 2689 594 2750; x_wconf 92' lang='lat' dir='ltr'><strong><em>in</em></strong></span> <span class='ocrx_word' id='word_1_249' title='bbox 611 2708 644 2752; x_wconf 92' lang='lat' dir='ltr'><strong><em>se</em></strong></span> <span class='ocrx_word' id='word_1_250' title='bbox 670 2690 799 2752; x_wconf 89' lang='lat' dir='ltr'><strong><em>obscura</em></strong></span> <span class='ocrx_word' id='word_1_251' title='bbox 828 2710 861 2753; x_wconf 86' lang='lat' dir='ltr'><strong><em>ac</em></strong></span> <span class='ocrx_word' id='word_1_252' title='bbox 880 2691 992 2752; x_wconf 86' lang='lat' dir='ltr'><strong><em>hnma-</em></strong></span> 
     </span>
     <span class='ocr_line' id='line_1_28' title="bbox 389 2772 1665 2856; baseline -0.005 -18"><span class='ocrx_word' id='word_1_253' title='bbox 389 2794 447 2838; x_wconf 89' lang='lat' dir='ltr'><strong><em>nae</em></strong></span> <span class='ocrx_word' id='word_1_254' title='bbox 467 2772 560 2837; x_wconf 90' lang='lat' dir='ltr'><strong><em>menti</em></strong></span> <span class='ocrx_word' id='word_1_255' title='bbox 579 2773 743 2856; x_wconf 86' lang='lat' dir='ltr'><strong><em>impervia;</em></strong></span> <span class='ocrx_word' id='word_1_256' title='bbox 765 2773 916 2838; x_wconf 80' lang='lat' dir='ltr'><strong><em>evidenter</em></strong></span> <span class='ocrx_word' id='word_1_257' title='bbox 935 2792 992 2836; x_wconf 88' lang='lat' dir='ltr'><strong><em>au·</em></strong></span> <span class='ocrx_word' id='word_1_258' title='bbox 1664 2814 1665 2832; x_wconf 43' lang='lat' dir='ltr'><strong><em>r</em></strong></span> 
     </span>
     <span class='ocr_line' id='line_1_29' title="bbox 389 2853 1623 2940; baseline -0.009 -18"><span class='ocrx_word' id='word_1_259' title='bbox 389 2869 450 2922; x_wconf 91' lang='lat' dir='ltr'><strong><em>tem</em></strong></span> <span class='ocrx_word' id='word_1_260' title='bbox 471 2858 628 2922; x_wconf 88' lang='lat' dir='ltr'><strong><em>credibilia</em></strong></span> <span class='ocrx_word' id='word_1_261' title='bbox 646 2858 718 2940; x_wconf 87' lang='lat' dir='ltr'><strong><em>quia</em></strong></span> <span class='ocrx_word' id='word_1_262' title='bbox 746 2858 897 2922; x_wconf 85' lang='lat' dir='ltr'><strong><em>evidenter</em></strong></span> <span class='ocrx_word' id='word_1_263' title='bbox 917 2878 993 2920; x_wconf 89' lang='lat' dir='ltr'><strong><em>oon·</em></strong></span> <span class='ocrx_word' id='word_1_264' title='bbox 1077 2855 1151 2918; x_wconf 72' lang='lat'><strong>232.</strong></span> <span class='ocrx_word' id='word_1_265' title='bbox 1184 2853 1356 2920; x_wconf 88' lang='lat' dir='ltr'><strong><em>Omittimus</em></strong></span> <span class='ocrx_word' id='word_1_266' title='bbox 1383 2855 1573 2919; x_wconf 84' lang='lat' dir='ltr'><strong><em>difficultates</em></strong></span> <span class='ocrx_word' id='word_1_267' title='bbox 1589 2861 1623 2925; x_wconf 81' lang='lat' dir='ltr'><strong><em>,t</em></strong></span> 
     </span>
     <span class='ocr_line' id='line_1_30' title="bbox 391 2927 1623 3022; baseline -0.008 -16"><span class='ocrx_word' id='word_1_268' title='bbox 391 2952 461 3022; x_wconf 88' lang='lat' dir='ltr'><strong><em>stat,</em></strong></span> <span class='ocrx_word' id='word_1_269' title='bbox 483 2963 549 3006; x_wconf 90' lang='lat' dir='ltr'><strong><em>esse</em></strong></span> <span class='ocrx_word' id='word_1_270' title='bbox 568 2942 710 3006; x_wconf 83' lang='lat' dir='ltr'><strong><em>divinitus</em></strong></span> <span class='ocrx_word' id='word_1_271' title='bbox 735 2945 876 3006; x_wconf 83' lang='lat' dir='ltr'><strong><em>revelata.</em></strong></span> <span class='ocrx_word' id='word_1_272' title='bbox 895 2941 994 3007; x_wconf 85' lang='lat' dir='ltr'><strong><em>Certi·</em></strong></span> <span class='ocrx_word' id='word_1_273' title='bbox 1034 2939 1186 3003; x_wconf 87' lang='lat' dir='ltr'><strong><em>veteribus</em></strong></span> <span class='ocrx_word' id='word_1_274' title='bbox 1205 2941 1364 3004; x_wconf 86' lang='lat' dir='ltr'><strong><em>haereticis</em></strong></span> <span class='ocrx_word' id='word_1_275' title='bbox 1393 2927 1623 3018; x_wconf 78' lang='lat' dir='ltr'><strong><em>excogitasset</em></strong></span> 
     </span>
     <span class='ocr_line' id='line_1_31' title="bbox 390 3013 1623 3109; baseline -0.007 -20"><span class='ocrx_word' id='word_1_276' title='bbox 390 3028 463 3090; x_wconf 92' lang='lat' dir='ltr'><strong><em>tudo</em></strong></span> <span class='ocrx_word' id='word_1_277' title='bbox 486 3035 599 3106; x_wconf 89' lang='lat' dir='ltr'><strong><em>antem,</em></strong></span> <span class='ocrx_word' id='word_1_278' title='bbox 619 3047 710 3109; x_wconf 87' lang='lat' dir='ltr'><strong><em>quam</em></strong></span> <span class='ocrx_word' id='word_1_279' title='bbox 728 3046 764 3090; x_wconf 83' lang='lat' dir='ltr'><strong><em>ex</em></strong></span> <span class='ocrx_word' id='word_1_280' title='bbox 781 3028 930 3090; x_wconf 89' lang='lat' dir='ltr'><strong><em>eiusmodi</em></strong></span> <span class='ocrx_word' id='word_1_281' title='bbox 946 3046 995 3089; x_wconf 84' lang='lat' dir='ltr'><strong><em>er·</em></strong></span> <span class='ocrx_word' id='word_1_282' title='bbox 1034 3024 1242 3102; x_wconf 84' lang='lat' dir='ltr'><strong><em>evincendum,</em></strong></span> <span class='ocrx_word' id='word_1_283' title='bbox 1262 3024 1356 3088; x_wconf 87' lang='lat' dir='ltr'><strong><em>Deum</em></strong></span> <span class='ocrx_word' id='word_1_284' title='bbox 1376 3025 1439 3088; x_wconf 90' lang='lat' dir='ltr'><strong><em>sive</em></strong></span> <span class='ocrx_word' id='word_1_285' title='bbox 1462 3041 1517 3106; x_wconf 89' lang='lat' dir='ltr'><strong><em>per</em></strong></span> <span class='ocrx_word' id='word_1_286' title='bbox 1534 3038 1575 3095; x_wconf 89' lang='lat' dir='ltr'><strong><em>se,</em></strong></span> <span class='ocrx_word' id='word_1_287' title='bbox 1591 3013 1623 3076; x_wconf 87' lang='lat' dir='ltr'><strong><em>si·</em></strong></span> 
     </span>
     <span class='ocr_line' id='line_1_32' title="bbox 391 3104 1624 3192; baseline -0.006 -20"><span class='ocrx_word' id='word_1_288' title='bbox 391 3112 521 3174; x_wconf 86' lang='lat' dir='ltr'><strong><em>trinseca</em></strong></span> <span class='ocrx_word' id='word_1_289' title='bbox 539 3111 686 3174; x_wconf 86' lang='lat' dir='ltr'><strong><em>evidentia</em></strong></span> <span class='ocrx_word' id='word_1_290' title='bbox 701 3111 899 3191; x_wconf 88' lang='lat' dir='ltr'><strong><em>acquirimus,</em></strong></span> <span class='ocrx_word' id='word_1_291' title='bbox 919 3130 994 3190; x_wconf 83' lang='lat' dir='ltr'><strong><em>geo·</em></strong></span> <span class='ocrx_word' id='word_1_292' title='bbox 1034 3128 1069 3170; x_wconf 90' lang='lat' dir='ltr'><strong><em>ve</em></strong></span> <span class='ocrx_word' id='word_1_293' title='bbox 1088 3127 1141 3189; x_wconf 91' lang='lat' dir='ltr'><strong><em>per</em></strong></span> <span class='ocrx_word' id='word_1_294' title='bbox 1162 3108 1257 3185; x_wconf 86' lang='lat' dir='ltr'><strong><em>alium</em></strong></span> <span class='ocrx_word' id='word_1_295' title='bbox 1270 3109 1408 3192; x_wconf 87' lang='lat' dir='ltr'><strong><em>decipere</em></strong></span> <span class='ocrx_word' id='word_1_296' title='bbox 1427 3107 1572 3191; x_wconf 87' lang='lat' dir='ltr'><strong><em>potuisse,</em></strong></span> <span class='ocrx_word' id='word_1_297' title='bbox 1590 3104 1624 3159; x_wconf 80' lang='lat' dir='ltr'><strong><em>ul·</em></strong></span> 
     </span>
     <span class='ocr_line' id='line_1_33' title="bbox 389 3191 1625 3275; baseline -0.005 -19"><span class='ocrx_word' id='word_1_298' title='bbox 389 3195 545 3256; x_wconf 88' lang='lat' dir='ltr'><strong><em>metricam</em></strong></span> <span class='ocrx_word' id='word_1_299' title='bbox 561 3213 784 3274; x_wconf 87' lang='lat' dir='ltr'><strong><em>quamcumque</em></strong></span> <span class='ocrx_word' id='word_1_300' title='bbox 792 3196 996 3257; x_wconf 85' lang='lat' dir='ltr'><strong><em>etmatherna·</em></strong></span> <span class='ocrx_word' id='word_1_301' title='bbox 1035 3201 1104 3274; x_wconf 91' lang='lat' dir='ltr'><strong><em>pote</em></strong></span> <span class='ocrx_word' id='word_1_302' title='bbox 1123 3191 1237 3254; x_wconf 91' lang='lat' dir='ltr'><strong><em>iamdiu</em></strong></span> <span class='ocrx_word' id='word_1_303' title='bbox 1264 3193 1437 3272; x_wconf 86' lang='lat' dir='ltr'><strong><em>obsoletas,</em></strong></span> <span class='ocrx_word' id='word_1_304' title='bbox 1460 3202 1553 3272; x_wconf 86' lang='lat' dir='ltr'><strong><em>atque</em></strong></span> <span class='ocrx_word' id='word_1_305' title='bbox 1569 3198 1625 3275; x_wconf 67' lang='lat' dir='ltr'><strong><em>pel·</em></strong></span> 
     </span>
     <span class='ocr_line' id='line_1_34' title="bbox 390 3271 1625 3359; baseline -0.013 -19"><span class='ocrx_word' id='word_1_306' title='bbox 390 3279 480 3340; x_wconf 87' lang='lat' dir='ltr'><strong><em>ticam</em></strong></span> <span class='ocrx_word' id='word_1_307' title='bbox 517 3277 728 3340; x_wconf 88' lang='lat' dir='ltr'><strong><em>certitudinem</em></strong></span> <span class='ocrx_word' id='word_1_308' title='bbox 762 3277 934 3358; x_wconf 85' lang='lat' dir='ltr'><strong><em>adaequat,</em></strong></span> <span class='ocrx_word' id='word_1_309' title='bbox 959 3296 994 3339; x_wconf 88' lang='lat' dir='ltr'><strong><em>eo</em></strong></span> <span class='ocrx_word' id='word_1_310' title='bbox 1036 3295 1138 3357; x_wconf 88' lang='lat' dir='ltr'><strong><em>peram</em></strong></span> <span class='ocrx_word' id='word_1_311' title='bbox 1156 3277 1310 3340; x_wconf 90' lang='lat' dir='ltr'><strong><em>nonnullis</em></strong></span> <span class='ocrx_word' id='word_1_312' title='bbox 1327 3275 1552 3359; x_wconf 88' lang='lat' dir='ltr'><strong><em>Scripturarum</em></strong></span> <span class='ocrx_word' id='word_1_313' title='bbox 1567 3271 1625 3330; x_wconf 85' lang='lat' dir='ltr'><strong><em>taen</em></strong></span> 
     </span>
    </p>

    <p class='ocr_par' dir='ltr' id='par_1_5' title="bbox 350 3347 1628 3948">
     <span class='ocr_line' id='line_1_35' title="bbox 350 3347 1626 3457; baseline -0.007 -34"><span class='ocrx_word' id='word_1_314' title='bbox 350 3384 358 3457; x_wconf 63' lang='lat' dir='ltr'><strong><em>q</em></strong></span> <span class='ocrx_word' id='word_1_315' title='bbox 391 3362 473 3443; x_wconf 91' lang='lat' dir='ltr'><strong><em>quod</em></strong></span> <span class='ocrx_word' id='word_1_316' title='bbox 483 3361 515 3422; x_wconf 93' lang='lat' dir='ltr'><strong><em>in</em></strong></span> <span class='ocrx_word' id='word_1_317' title='bbox 526 3361 719 3424; x_wconf 91' lang='lat' dir='ltr'><strong><em>intrinsecam</em></strong></span> <span class='ocrx_word' id='word_1_318' title='bbox 731 3362 911 3424; x_wconf 88' lang='lat' dir='ltr'><strong><em>resolvatur.</em></strong></span> <span class='ocrx_word' id='word_1_319' title='bbox 922 3361 995 3424; x_wconf 83' lang='lat' dir='ltr'><strong><em>Tam</em></strong></span> <span class='ocrx_word' id='word_1_320' title='bbox 1036 3360 1197 3438; x_wconf 83' lang='lat' dir='ltr'><strong><em>suffultas,</em></strong></span> <span class='ocrx_word' id='word_1_321' title='bbox 1223 3380 1302 3442; x_wconf 87' lang='lat' dir='ltr'><strong><em>qnae</em></strong></span> <span class='ocrx_word' id='word_1_322' title='bbox 1334 3380 1424 3424; x_wconf 90' lang='lat' dir='ltr'><strong><em>sensu</em></strong></span> <span class='ocrx_word' id='word_1_323' title='bbox 1447 3356 1582 3438; x_wconf 76' lang='lat' dir='ltr'><strong><em>negativo</em></strong></span> <span class='ocrx_word' id='word_1_324' title='bbox 1599 3347 1626 3408; x_wconf 77' lang='lat' dir='ltr'><strong><em>dt</em></strong></span> 
     </span>
     <span class='ocr_line' id='line_1_36' title="bbox 391 3433 1626 3525; baseline -0.014 -15"><span class='ocrx_word' id='word_1_325' title='bbox 391 3447 471 3510; x_wconf 89' lang='lat' dir='ltr'><strong><em>enim</em></strong></span> <span class='ocrx_word' id='word_1_326' title='bbox 486 3453 601 3508; x_wconf 89' lang='lat' dir='ltr'><strong><em>certum</em></strong></span> <span class='ocrx_word' id='word_1_327' title='bbox 622 3446 865 3524; x_wconf 87' lang='lat' dir='ltr'><strong><em>est,1leumesse</em></strong></span> <span class='ocrx_word' id='word_1_328' title='bbox 885 3446 996 3510; x_wconf 89' lang='lat' dir='ltr'><strong><em>trinum</em></strong></span> <span class='ocrx_word' id='word_1_329' title='bbox 1037 3443 1235 3525; x_wconf 88' lang='lat' dir='ltr'><strong><em>permissione</em></strong></span> <span class='ocrx_word' id='word_1_330' title='bbox 1264 3444 1458 3523; x_wconf 83' lang='lat' dir='ltr'><strong><em>intelligenda</em></strong></span> <span class='ocrx_word' id='word_1_331' title='bbox 1479 3448 1559 3506; x_wconf 90' lang='lat' dir='ltr'><strong><em>sunt.</em></strong></span> <span class='ocrx_word' id='word_1_332' title='bbox 1577 3433 1626 3496; x_wconf 88' lang='lat' dir='ltr'><strong><em>Ita·</em></strong></span> 
     </span>
     <span class='ocr_line' id='line_1_37' title="bbox 393 3521 1626 3612; baseline -0.013 -19"><span class='ocrx_word' id='word_1_333' title='bbox 393 3532 425 3593; x_wconf 93' lang='lat' dir='ltr'><strong><em>in</em></strong></span> <span class='ocrx_word' id='word_1_334' title='bbox 436 3530 585 3612; x_wconf 91' lang='lat' dir='ltr'><strong><em>personis,</em></strong></span> <span class='ocrx_word' id='word_1_335' title='bbox 601 3550 692 3611; x_wconf 88' lang='lat' dir='ltr'><strong><em>quam</em></strong></span> <span class='ocrx_word' id='word_1_336' title='bbox 704 3537 818 3594; x_wconf 86' lang='lat' dir='ltr'><strong><em>certum</em></strong></span> <span class='ocrx_word' id='word_1_337' title='bbox 834 3538 890 3610; x_wconf 86' lang='lat' dir='ltr'><strong><em>est,</em></strong></span> <span class='ocrx_word' id='word_1_338' title='bbox 902 3530 997 3594; x_wconf 82' lang='lat' dir='ltr'><strong><em>lleum</em></strong></span> <span class='ocrx_word' id='word_1_339' title='bbox 1038 3548 1097 3609; x_wconf 88' lang='lat' dir='ltr'><strong><em>que</em></strong></span> <span class='ocrx_word' id='word_1_340' title='bbox 1117 3527 1199 3590; x_wconf 88' lang='lat' dir='ltr'><strong><em>hisce</em></strong></span> <span class='ocrx_word' id='word_1_341' title='bbox 1221 3529 1362 3607; x_wconf 90' lang='lat' dir='ltr'><strong><em>omissis,</em></strong></span> <span class='ocrx_word' id='word_1_342' title='bbox 1380 3548 1418 3591; x_wconf 89' lang='lat' dir='ltr'><strong><em>ne</em></strong></span> <span class='ocrx_word' id='word_1_343' title='bbox 1438 3537 1556 3608; x_wconf 83' lang='lat' dir='ltr'><strong><em>ternpus</em></strong></span> <span class='ocrx_word' id='word_1_344' title='bbox 1573 3521 1626 3581; x_wconf 87' lang='lat' dir='ltr'><strong><em>sru-</em></strong></span> 
     </span>
     <span class='ocr_line' id='line_1_38' title="bbox 391 3611 1627 3696; baseline -0.006 -18"><span class='ocrx_word' id='word_1_345' title='bbox 391 3634 448 3678; x_wconf 88' lang='lat' dir='ltr'><strong><em>nec</em></strong></span> <span class='ocrx_word' id='word_1_346' title='bbox 467 3614 587 3696; x_wconf 90' lang='lat' dir='ltr'><strong><em>decipi,</em></strong></span> <span class='ocrx_word' id='word_1_347' title='bbox 607 3634 662 3678; x_wconf 87' lang='lat' dir='ltr'><strong><em>nec</em></strong></span> <span class='ocrx_word' id='word_1_348' title='bbox 682 3613 821 3696; x_wconf 87' lang='lat' dir='ltr'><strong><em>decipere</em></strong></span> <span class='ocrx_word' id='word_1_349' title='bbox 840 3635 951 3696; x_wconf 89' lang='lat' dir='ltr'><strong><em>posse,</em></strong></span> <span class='ocrx_word' id='word_1_350' title='bbox 970 3614 998 3676; x_wconf 89' lang='lat' dir='ltr'><strong><em>i·</em></strong></span> <span class='ocrx_word' id='word_1_351' title='bbox 1039 3622 1100 3674; x_wconf 89' lang='lat' dir='ltr'><strong><em>stra</em></strong></span> <span class='ocrx_word' id='word_1_352' title='bbox 1119 3621 1252 3674; x_wconf 89' lang='lat' dir='ltr'><strong><em>teramus</em></strong></span> <span class='ocrx_word' id='word_1_353' title='bbox 1266 3613 1347 3674; x_wconf 91' lang='lat' dir='ltr'><strong><em>iniis</em></strong></span> <span class='ocrx_word' id='word_1_354' title='bbox 1361 3611 1550 3686; x_wconf 81' lang='lat' dir='ltr'><strong><em>refellendis,</em></strong></span> <span class='ocrx_word' id='word_1_355' title='bbox 1564 3615 1627 3694; x_wconf 56' lang='lat' dir='ltr'><strong><em>quet</em></strong></span> 
     </span>
     <span class='ocr_line' id='line_1_39' title="bbox 392 3693 1627 3780; baseline -0.009 -19"><span class='ocrx_word' id='word_1_356' title='bbox 392 3700 511 3780; x_wconf 88' lang='lat' dir='ltr'><strong><em>deoque</em></strong></span> <span class='ocrx_word' id='word_1_357' title='bbox 534 3698 615 3762; x_wconf 88' lang='lat' dir='ltr'><strong><em>idem</em></strong></span> <span class='ocrx_word' id='word_1_358' title='bbox 636 3719 698 3764; x_wconf 91' lang='lat' dir='ltr'><strong><em>non</em></strong></span> <span class='ocrx_word' id='word_1_359' title='bbox 716 3718 803 3780; x_wconf 89' lang='lat' dir='ltr'><strong><em>posse</em></strong></span> <span class='ocrx_word' id='word_1_360' title='bbox 823 3700 913 3761; x_wconf 90' lang='lat' dir='ltr'><strong><em>simul</em></strong></span> <span class='ocrx_word' id='word_1_361' title='bbox 932 3719 999 3762; x_wconf 88' lang='lat' dir='ltr'><strong><em>esse</em></strong></span> <span class='ocrx_word' id='word_1_362' title='bbox 1040 3697 1084 3758; x_wconf 85' lang='lat' dir='ltr'><strong><em>rel</em></strong></span> <span class='ocrx_word' id='word_1_363' title='bbox 1103 3695 1212 3758; x_wconf 88' lang='lat' dir='ltr'><strong><em>rationi</em></strong></span> <span class='ocrx_word' id='word_1_364' title='bbox 1231 3696 1288 3777; x_wconf 89' lang='lat' dir='ltr'><strong><em>ipsi</em></strong></span> <span class='ocrx_word' id='word_1_365' title='bbox 1316 3716 1351 3759; x_wconf 90' lang='lat' dir='ltr'><strong><em>ac</em></strong></span> <span class='ocrx_word' id='word_1_366' title='bbox 1368 3694 1523 3759; x_wconf 89' lang='lat' dir='ltr'><strong><em>communi</em></strong></span> <span class='ocrx_word' id='word_1_367' title='bbox 1542 3693 1627 3780; x_wconf 74' lang='lat' dir='ltr'><strong><em>hout-</em></strong></span> 
     </span>
     <span class='ocr_line' id='line_1_40' title="bbox 392 3772 1628 3860; baseline -0.015 -13"><span class='ocrx_word' id='word_1_368' title='bbox 392 3793 424 3847; x_wconf 90' lang='lat' dir='ltr'><strong><em>et</em></strong></span> <span class='ocrx_word' id='word_1_369' title='bbox 438 3802 499 3844; x_wconf 94' lang='lat' dir='ltr'><strong><em>non</em></strong></span> <span class='ocrx_word' id='word_1_370' title='bbox 517 3802 596 3846; x_wconf 89' lang='lat' dir='ltr'><strong><em>csse.</em></strong></span> <span class='ocrx_word' id='word_1_371' title='bbox 611 3781 676 3854; x_wconf 79' lang='lat' dir='ltr'><strong><em>(lua</em></strong></span> <span class='ocrx_word' id='word_1_372' title='bbox 691 3783 729 3846; x_wconf 88' lang='lat' dir='ltr'><strong><em>de</em></strong></span> <span class='ocrx_word' id='word_1_373' title='bbox 747 3803 840 3845; x_wconf 87' lang='lat' dir='ltr'><strong><em>causa</em></strong></span> <span class='ocrx_word' id='word_1_374' title='bbox 855 3784 997 3858; x_wconf 82' lang='lat' dir='ltr'><strong><em>diximus,</em></strong></span> <span class='ocrx_word' id='word_1_375' title='bbox 1041 3800 1113 3842; x_wconf 92' lang='lat' dir='ltr'><strong><em>num</em></strong></span> <span class='ocrx_word' id='word_1_376' title='bbox 1143 3781 1245 3842; x_wconf 91' lang='lat' dir='ltr'><strong><em>sensui</em></strong></span> <span class='ocrx_word' id='word_1_377' title='bbox 1275 3781 1468 3843; x_wconf 87' lang='lat' dir='ltr'><strong><em>adversantur</em></strong></span> <span class='ocrx_word' id='word_1_378' title='bbox 1488 3779 1549 3860; x_wconf 83' lang='lat'><strong><em>(5),</em></strong></span> <span class='ocrx_word' id='word_1_379' title='bbox 1567 3772 1628 3835; x_wconf 82' lang='lat' dir='ltr'><strong><em>alnas</em></strong></span> 
     </span>
     <span class='ocr_line' id='line_1_41' title="bbox 393 3864 1524 3948; baseline -0.006 -18"><span class='ocrx_word' id='word_1_380' title='bbox 393 3866 488 3948; x_wconf 90' lang='lat' dir='ltr'><strong><em>qnod,</em></strong></span> <span class='ocrx_word' id='word_1_381' title='bbox 507 3865 532 3928; x_wconf 93' lang='lat' dir='ltr'><strong><em>si</em></strong></span> <span class='ocrx_word' id='word_1_382' title='bbox 548 3866 666 3931; x_wconf 87' lang='lat' dir='ltr'><strong><em>obiecta</em></strong></span> <span class='ocrx_word' id='word_1_383' title='bbox 681 3866 751 3930; x_wconf 87' lang='lat' dir='ltr'><strong><em>fidei</em></strong></span> <span class='ocrx_word' id='word_1_384' title='bbox 765 3874 835 3929; x_wconf 90' lang='lat' dir='ltr'><strong><em>sunt</em></strong></span> <span class='ocrx_word' id='word_1_385' title='bbox 849 3867 1001 3930; x_wconf 82' lang='lat' dir='ltr'><strong><em>euidenter</em></strong></span> <span class='ocrx_word' id='word_1_386' title='bbox 1041 3864 1230 3929; x_wconf 85' lang='lat' dir='ltr'><strong><em>difficultates</em></strong></span> <span class='ocrx_word' id='word_1_387' title='bbox 1245 3865 1286 3928; x_wconf 87' lang='lat' dir='ltr'><strong><em>ita</em></strong></span> <span class='ocrx_word' id='word_1_388' title='bbox 1302 3865 1524 3948; x_wconf 85' lang='lat' dir='ltr'><strong><em>persequimur.</em></strong></span> 
     </span>
    </p>
   </div>
   <div class='ocr_carea' id='block_1_3' title="bbox 1223 2755 1453 2801">
    <p class='ocr_par' dir='ltr' id='par_1_6' title="bbox 1223 2755 1453 2801">
     <span class='ocr_line' id='line_1_42' title="bbox 1223 2755 1453 2801; baseline 0 -1"><span class='ocrx_word' id='word_1_389' title='bbox 1223 2755 1453 2801; x_wconf 75' lang='lat' dir='ltr'><strong><em>ntrneutancen.</em></strong></span> 
     </span>
    </p>
   </div>
   <div class='ocr_carea' id='block_1_4' title="bbox 394 4011 1634 4708">
    <p class='ocr_par' dir='ltr' id='par_1_7' title="bbox 394 4011 1634 4708">
     <span class='ocr_line' id='line_1_43' title="bbox 396 4011 1629 4095; baseline -0.008 -16"><span class='ocrx_word' id='word_1_390' title='bbox 396 4025 501 4080; x_wconf 83' lang='lat' dir='ltr'><strong><em>«Nemo</em></strong></span> <span class='ocrx_word' id='word_1_391' title='bbox 520 4028 560 4080; x_wconf 88' lang='lat' dir='ltr'><strong><em>his</em></strong></span> <span class='ocrx_word' id='word_1_392' title='bbox 578 4029 772 4091; x_wconf 78' lang='lat' dir='ltr'><strong><em>contradixerit,</em></strong></span> <span class='ocrx_word' id='word_1_393' title='bbox 796 4030 844 4081; x_wconf 84' lang='lat' dir='ltr'><strong><em>nisi</em></strong></span> <span class='ocrx_word' id='word_1_394' title='bbox 862 4029 1001 4084; x_wconf 77' lang='lat' dir='ltr'><strong><em>unimodum</em></strong></span> <span class='ocrx_word' id='word_1_395' title='bbox 1043 4028 1104 4080; x_wconf 90' lang='lat' dir='ltr'><strong><em>mini</em></strong></span> <span class='ocrx_word' id='word_1_396' title='bbox 1123 4026 1219 4095; x_wconf 87' lang='lat' dir='ltr'><strong><em>aliquid</em></strong></span> <span class='ocrx_word' id='word_1_397' title='bbox 1250 4027 1387 4092; x_wconf 84' lang='lat' dir='ltr'><strong><em>futurum,</em></strong></span> <span class='ocrx_word' id='word_1_398' title='bbox 1410 4038 1436 4080; x_wconf 84' lang='lat' dir='ltr'><strong><em>et</em></strong></span> <span class='ocrx_word' id='word_1_399' title='bbox 1459 4026 1589 4080; x_wconf 83' lang='lat' dir='ltr'><strong><em>adhiberet</em></strong></span> <span class='ocrx_word' id='word_1_400' title='bbox 1602 4011 1629 4090; x_wconf 67' lang='lat' dir='ltr'><strong><em>ti·</em></strong></span> 
     </span>
     <span class='ocr_line' id='line_1_44' title="bbox 398 4093 1629 4163; baseline -0.004 -15"><span class='ocrx_word' id='word_1_401' title='bbox 398 4097 521 4156; x_wconf 83' lang='lat' dir='ltr'><strong><em>insaniat,</em></strong></span> <span class='ocrx_word' id='word_1_402' title='bbox 539 4111 568 4146; x_wconf 85' lang='lat' dir='ltr'><strong><em>ac</em></strong></span> <span class='ocrx_word' id='word_1_403' title='bbox 587 4107 672 4148; x_wconf 86' lang='lat' dir='ltr'><strong><em>mente</em></strong></span> <span class='ocrx_word' id='word_1_404' title='bbox 683 4106 773 4162; x_wconf 79' lang='lat' dir='ltr'><strong><em>captus</em></strong></span> <span class='ocrx_word' id='word_1_405' title='bbox 789 4098 832 4148; x_wconf 87' lang='lat' dir='ltr'><strong><em>sit.</em></strong></span> <span class='ocrx_word' id='word_1_406' title='bbox 1043 4112 1133 4163; x_wconf 76' lang='lat' dir='ltr'><strong><em>gnum,</em></strong></span> <span class='ocrx_word' id='word_1_407' title='bbox 1152 4103 1280 4148; x_wconf 86' lang='lat' dir='ltr'><strong><em>mortuum</em></strong></span> <span class='ocrx_word' id='word_1_408' title='bbox 1299 4096 1467 4157; x_wconf 82' lang='lat' dir='ltr'><strong><em>suscitando,</em></strong></span> <span class='ocrx_word' id='word_1_409' title='bbox 1491 4111 1522 4146; x_wconf 83' lang='lat' dir='ltr'><strong><em>ex</em></strong></span> <span class='ocrx_word' id='word_1_410' title='bbox 1538 4093 1583 4142; x_wconf 85' lang='lat' dir='ltr'><strong><em>hoc</em></strong></span> <span class='ocrx_word' id='word_1_411' title='bbox 1597 4097 1629 4131; x_wconf 76' lang='lat'><strong><em>³¹·</em></strong></span> 
     </span>
     <span class='ocr_line' id='line_1_45' title="bbox 449 4154 1631 4230; baseline 0.002 -17"><span class='ocrx_word' id='word_1_412' title='bbox 449 4165 474 4227; x_wconf 82' lang='lat' dir='ltr'><strong><em>l)</em></strong></span> <span class='ocrx_word' id='word_1_413' title='bbox 493 4161 550 4214; x_wconf 82' lang='lat' dir='ltr'><strong><em>Lib.</em></strong></span> <span class='ocrx_word' id='word_1_414' title='bbox 566 4167 597 4214; x_wconf 83' lang='lat' dir='ltr'><strong><em>te</em></strong></span> <span class='ocrx_word' id='word_1_415' title='bbox 610 4170 673 4217; x_wconf 86' lang='lat' dir='ltr'><strong><em>canl.</em></strong></span> <span class='ocrx_word' id='word_1_416' title='bbox 695 4163 800 4226; x_wconf 74' lang='lat' dir='ltr'><strong><em>Faust,</em></strong></span> <span class='ocrx_word' id='word_1_417' title='bbox 818 4180 844 4215; x_wconf 91' lang='lat' dir='ltr'><strong><em>c.</em></strong></span> <span class='ocrx_word' id='word_1_418' title='bbox 857 4167 901 4216; x_wconf 70' lang='lat' dir='ltr'><strong><em>id.</em></strong></span> <span class='ocrx_word' id='word_1_419' title='bbox 1043 4180 1093 4230; x_wconf 79' lang='lat' dir='ltr'><strong><em>gno</em></strong></span> <span class='ocrx_word' id='word_1_420' title='bbox 1111 4164 1309 4216; x_wconf 81' lang='lat' dir='ltr'><strong><em>cortvinceretur</em></strong></span> <span class='ocrx_word' id='word_1_421' title='bbox 1326 4165 1473 4216; x_wconf 83' lang='lat' dir='ltr'><strong><em>intellectus</em></strong></span> <span class='ocrx_word' id='word_1_422' title='bbox 1485 4154 1631 4214; x_wconf 70' lang='lat' dir='ltr'><strong><em>videntiaet</em></strong></span> 
     </span>
     <span class='ocr_line' id='line_1_46' title="bbox 446 4223 1628 4299; baseline -0.002 -18"><span class='ocrx_word' id='word_1_423' title='bbox 446 4233 473 4294; x_wconf 80' lang='lat'><strong><em>2)</em></strong></span> <span class='ocrx_word' id='word_1_424' title='bbox 492 4231 527 4293; x_wconf 86' lang='lat' dir='ltr'><strong><em>tt,</em></strong></span> <span class='ocrx_word' id='word_1_425' title='bbox 540 4234 567 4292; x_wconf 79' lang='lat'><strong><em>2,</em></strong></span> <span class='ocrx_word' id='word_1_426' title='bbox 586 4248 612 4298; x_wconf 82' lang='lat' dir='ltr'><strong><em>q.</em></strong></span> <span class='ocrx_word' id='word_1_427' title='bbox 629 4237 654 4283; x_wconf 87' lang='lat' dir='ltr'><strong><em>l.</em></strong></span> <span class='ocrx_word' id='word_1_428' title='bbox 673 4239 722 4284; x_wconf 81' lang='lat' dir='ltr'><strong><em>art.</em></strong></span> <span class='ocrx_word' id='word_1_429' title='bbox 736 4230 794 4283; x_wconf 75' lang='lat' dir='ltr'><strong><em>lad</em></strong></span> <span class='ocrx_word' id='word_1_430' title='bbox 807 4236 833 4283; x_wconf 70' lang='grc'><strong><em>9.</em></strong></span> <span class='ocrx_word' id='word_1_431' title='bbox 1043 4238 1209 4299; x_wconf 76' lang='lat' dir='ltr'><strong><em>cognosceret</em></strong></span> <span class='ocrx_word' id='word_1_432' title='bbox 1226 4232 1378 4295; x_wconf 80' lang='lat' dir='ltr'><strong><em>manifeste,</em></strong></span> <span class='ocrx_word' id='word_1_433' title='bbox 1404 4233 1452 4284; x_wconf 87' lang='lat' dir='ltr'><strong><em>hoc</em></strong></span> <span class='ocrx_word' id='word_1_434' title='bbox 1469 4230 1521 4282; x_wconf 89' lang='lat' dir='ltr'><strong><em>dici</em></strong></span> <span class='ocrx_word' id='word_1_435' title='bbox 1543 4223 1628 4278; x_wconf 58' lang='lat' dir='ltr'><strong><em>elleos</em></strong></span> 
     </span>
     <span class='ocr_line' id='line_1_47' title="bbox 433 4296 1629 4368; baseline -0.006 -18"><span class='ocrx_word' id='word_1_436' title='bbox 433 4298 472 4368; x_wconf 79' lang='lat'><strong><em>(5)</em></strong></span> <span class='ocrx_word' id='word_1_437' title='bbox 492 4297 531 4350; x_wconf 84' lang='lat' dir='ltr'><strong><em>lb.</em></strong></span> <span class='ocrx_word' id='word_1_438' title='bbox 542 4314 570 4365; x_wconf 92' lang='lat' dir='ltr'><strong><em>q.</em></strong></span> <span class='ocrx_word' id='word_1_439' title='bbox 584 4303 610 4362; x_wconf 85' lang='lat' dir='ltr'><strong><em>o,</em></strong></span> <span class='ocrx_word' id='word_1_440' title='bbox 622 4307 672 4351; x_wconf 88' lang='lat' dir='ltr'><strong><em>art.</em></strong></span> <span class='ocrx_word' id='word_1_441' title='bbox 686 4303 712 4351; x_wconf 74' lang='lat'><strong><em>2.</em></strong></span> <span class='ocrx_word' id='word_1_442' title='bbox 730 4298 768 4350; x_wconf 87' lang='lat' dir='ltr'><strong><em>lta</em></strong></span> <span class='ocrx_word' id='word_1_443' title='bbox 780 4296 1004 4351; x_wconf 85' lang='lat' dir='ltr'><strong><em>sehabetcontex-</em></strong></span> <span class='ocrx_word' id='word_1_444' title='bbox 1045 4301 1089 4368; x_wconf 90' lang='lat' dir='ltr'><strong><em>qni</em></strong></span> <span class='ocrx_word' id='word_1_445' title='bbox 1107 4315 1159 4350; x_wconf 91' lang='lat' dir='ltr'><strong><em>non</em></strong></span> <span class='ocrx_word' id='word_1_446' title='bbox 1173 4300 1319 4363; x_wconf 84' lang='lat' dir='ltr'><strong><em>mentitur,</em></strong></span> <span class='ocrx_word' id='word_1_447' title='bbox 1343 4300 1404 4352; x_wconf 86' lang='lat' dir='ltr'><strong><em>licet</em></strong></span> <span class='ocrx_word' id='word_1_448' title='bbox 1422 4297 1487 4350; x_wconf 89' lang='lat' dir='ltr'><strong><em>illud</em></strong></span> <span class='ocrx_word' id='word_1_449' title='bbox 1506 4298 1629 4349; x_wconf 67' lang='lat' dir='ltr'><strong><em>lutrarum,</em></strong></span> 
     </span>
     <span class='ocr_line' id='line_1_48' title="bbox 394 4361 1629 4436; baseline 0.001 -20"><span class='ocrx_word' id='word_1_450' title='bbox 394 4373 436 4418; x_wconf 82' lang='lat' dir='ltr'><strong><em>tus</em></strong></span> <span class='ocrx_word' id='word_1_451' title='bbox 468 4365 603 4434; x_wconf 78' lang='lat' dir='ltr'><strong><em>Angelici:</em></strong></span> <span class='ocrx_word' id='word_1_452' title='bbox 625 4388 636 4412; x_wconf 79' lang='grc' dir='ltr'>ι</span> <span class='ocrx_word' id='word_1_453' title='bbox 662 4365 812 4418; x_wconf 87' lang='lat' dir='ltr'><strong><em>intellectus</em></strong></span> <span class='ocrx_word' id='word_1_454' title='bbox 840 4366 1005 4419; x_wconf 85' lang='lat' dir='ltr'><strong><em>convincitur</em></strong></span> <span class='ocrx_word' id='word_1_455' title='bbox 1044 4361 1629 4436; x_wconf 73' lang='lat' dir='ltr'><strong><em>quodpraedicitur,tneeeviaensnenesset·</em></strong></span> 
     </span>
     <span class='ocr_line' id='line_1_49' title="bbox 396 4423 1629 4503; baseline 0 -19"><span class='ocrx_word' id='word_1_456' title='bbox 396 4433 429 4485; x_wconf 85' lang='lat' dir='ltr'><strong><em>cd</em></strong></span> <span class='ocrx_word' id='word_1_457' title='bbox 448 4432 510 4496; x_wconf 87' lang='lat' dir='ltr'><strong><em>hoc,</em></strong></span> <span class='ocrx_word' id='word_1_458' title='bbox 528 4431 597 4502; x_wconf 89' lang='lat' dir='ltr'><strong><em>quod</em></strong></span> <span class='ocrx_word' id='word_1_459' title='bbox 616 4431 733 4496; x_wconf 84' lang='lat' dir='ltr'><strong><em>indicet,</em></strong></span> <span class='ocrx_word' id='word_1_460' title='bbox 762 4451 817 4486; x_wconf 84' lang='lat' dir='ltr'><strong><em>esse</em></strong></span> <span class='ocrx_word' id='word_1_461' title='bbox 845 4432 1004 4485; x_wconf 85' lang='lat' dir='ltr'><strong><em>credendum</em></strong></span> <span class='ocrx_word' id='word_1_462' title='bbox 1079 4433 1116 4502; x_wconf 82' lang='lat' dir='ltr'><strong><em>(tt)</em></strong></span> <span class='ocrx_word' id='word_1_463' title='bbox 1139 4434 1167 4486; x_wconf 89' lang='lat' dir='ltr'><strong><em>in</em></strong></span> <span class='ocrx_word' id='word_1_464' title='bbox 1198 4451 1275 4502; x_wconf 86' lang='lat' dir='ltr'><strong><em>quam</em></strong></span> <span class='ocrx_word' id='word_1_465' title='bbox 1302 4450 1405 4503; x_wconf 86' lang='lat' dir='ltr'><strong><em>propos.</em></strong></span> <span class='ocrx_word' id='word_1_466' title='bbox 1430 4435 1464 4486; x_wconf 84' lang='lat' dir='ltr'><strong><em>ci.</em></strong></span> <span class='ocrx_word' id='word_1_467' title='bbox 1487 4434 1549 4487; x_wconf 78' lang='lat' dir='ltr'><strong><em>vin</em></strong></span> <span class='ocrx_word' id='word_1_468' title='bbox 1570 4423 1629 4476; x_wconf 67' lang='lat' dir='ltr'><strong><em>Titii·</em></strong></span> 
     </span>
     <span class='ocr_line' id='line_1_50' title="bbox 399 4490 1630 4569; baseline -0.006 -18"><span class='ocrx_word' id='word_1_469' title='bbox 399 4501 452 4563; x_wconf 87' lang='lat' dir='ltr'><strong><em>his,</em></strong></span> <span class='ocrx_word' id='word_1_470' title='bbox 470 4518 537 4569; x_wconf 81' lang='lat' dir='ltr'><strong><em>quse</em></strong></span> <span class='ocrx_word' id='word_1_471' title='bbox 555 4501 695 4565; x_wconf 85' lang='lat' dir='ltr'><strong><em>dicuntur,</em></strong></span> <span class='ocrx_word' id='word_1_472' title='bbox 714 4501 775 4554; x_wconf 84' lang='lat' dir='ltr'><strong><em>licet</em></strong></span> <span class='ocrx_word' id='word_1_473' title='bbox 797 4517 848 4553; x_wconf 92' lang='lat' dir='ltr'><strong><em>non</em></strong></span> <span class='ocrx_word' id='word_1_474' title='bbox 867 4501 1004 4553; x_wconf 83' lang='lat' dir='ltr'><strong><em>convince·</em></strong></span> <span class='ocrx_word' id='word_1_475' title='bbox 1044 4507 1153 4554; x_wconf 85' lang='lat' dir='ltr'><strong><em>damnat.</em></strong></span> <span class='ocrx_word' id='word_1_476' title='bbox 1166 4503 1297 4566; x_wconf 83' lang='lat' dir='ltr'><strong><em>tlteolaqico</em></strong></span> <span class='ocrx_word' id='word_1_477' title='bbox 1310 4508 1413 4565; x_wconf 85' lang='lat' dir='ltr'><strong><em>trutina,</em></strong></span> <span class='ocrx_word' id='word_1_478' title='bbox 1426 4513 1486 4553; x_wconf 85' lang='lat' dir='ltr'><strong><em>tour.</em></strong></span> <span class='ocrx_word' id='word_1_479' title='bbox 1502 4507 1527 4563; x_wconf 89' lang='lat' dir='ltr'><strong><em>l,</em></strong></span> <span class='ocrx_word' id='word_1_480' title='bbox 1539 4490 1630 4565; x_wconf 58' lang='lat' dir='ltr'><strong><em>parti·</em></strong></span> 
     </span>
     <span class='ocr_line' id='line_1_51' title="bbox 397 4559 1634 4638; baseline 0.003 -19"><span class='ocrx_word' id='word_1_481' title='bbox 397 4578 442 4620; x_wconf 86' lang='lat' dir='ltr'><strong><em>tur</em></strong></span> <span class='ocrx_word' id='word_1_482' title='bbox 461 4568 680 4635; x_wconf 72' lang='lat' dir='ltr'><strong><em>pet-evidentiam</em></strong></span> <span class='ocrx_word' id='word_1_483' title='bbox 699 4569 851 4633; x_wconf 83' lang='lat' dir='ltr'><strong><em>rei3sicut,</em></strong></span> <span class='ocrx_word' id='word_1_484' title='bbox 871 4570 892 4622; x_wconf 85' lang='lat' dir='ltr'><strong><em>ei</em></strong></span> <span class='ocrx_word' id='word_1_485' title='bbox 910 4569 1004 4638; x_wconf 81' lang='lat' dir='ltr'><strong><em>aliquis</em></strong></span> <span class='ocrx_word' id='word_1_486' title='bbox 1079 4572 1116 4636; x_wconf 80' lang='lat'><strong><em>(5)</em></strong></span> <span class='ocrx_word' id='word_1_487' title='bbox 1142 4570 1249 4635; x_wconf 87' lang='lat' dir='ltr'><strong><em>Copiose</em></strong></span> <span class='ocrx_word' id='word_1_488' title='bbox 1279 4571 1326 4622; x_wconf 88' lang='lat' dir='ltr'><strong><em>hoc</em></strong></span> <span class='ocrx_word' id='word_1_489' title='bbox 1357 4569 1389 4620; x_wconf 88' lang='lat' dir='ltr'><strong><em>de</em></strong></span> <span class='ocrx_word' id='word_1_490' title='bbox 1419 4559 1634 4637; x_wconf 66' lang='lat' dir='ltr'><strong><em>argumentanti</em></strong></span> 
     </span>
     <span class='ocr_line' id='line_1_52' title="bbox 397 4635 1560 4708; baseline 0 -22"><span class='ocrx_word' id='word_1_491' title='bbox 397 4637 523 4705; x_wconf 81' lang='lat' dir='ltr'><strong><em>propheta</em></strong></span> <span class='ocrx_word' id='word_1_492' title='bbox 551 4635 746 4705; x_wconf 85' lang='lat' dir='ltr'><strong><em>praenuntiaret</em></strong></span> <span class='ocrx_word' id='word_1_493' title='bbox 769 4637 796 4690; x_wconf 93' lang='lat' dir='ltr'><strong><em>in</em></strong></span> <span class='ocrx_word' id='word_1_494' title='bbox 814 4654 930 4692; x_wconf 85' lang='lat' dir='ltr'><strong><em>sermone</em></strong></span> <span class='ocrx_word' id='word_1_495' title='bbox 954 4639 1004 4691; x_wconf 81' lang='lat' dir='ltr'><strong><em>llo-</em></strong></span> <span class='ocrx_word' id='word_1_496' title='bbox 1044 4635 1182 4692; x_wconf 85' lang='lat' dir='ltr'><strong><em>Suaroaius</em></strong></span> <span class='ocrx_word' id='word_1_497' title='bbox 1204 4639 1238 4690; x_wconf 87' lang='lat' dir='ltr'><strong><em>De</em></strong></span> <span class='ocrx_word' id='word_1_498' title='bbox 1255 4641 1311 4702; x_wconf 73' lang='lat' dir='ltr'><strong><em>tide,</em></strong></span> <span class='ocrx_word' id='word_1_499' title='bbox 1329 4636 1397 4708; x_wconf 84' lang='lat' dir='ltr'><strong><em>disp.</em></strong></span> <span class='ocrx_word' id='word_1_500' title='bbox 1415 4643 1443 4702; x_wconf 68' lang='grc' dir='ltr'><strong><em>ὅ,</em></strong></span> <span class='ocrx_word' id='word_1_501' title='bbox 1460 4645 1523 4690; x_wconf 77' lang='lat' dir='ltr'><strong><em>noct.</em></strong></span> <span class='ocrx_word' id='word_1_502' title='bbox 1536 4639 1560 4686; x_wconf 78' lang='lat'><strong><em>5.</em></strong></span> 
     </span>
    </p>
   </div>
   <div class='ocr_carea' id='block_1_5' title="bbox 0 0 1890 5659">
    <p class='ocr_par' dir='ltr' id='par_1_8' title="bbox 0 0 1890 5659">
     <span class='ocr_line' id='line_1_53' title="bbox 0 0 1890 5659; baseline 0 0"><span class='ocrx_word' id='word_1_503' title='bbox 0 0 1890 5659; x_wconf 95' lang='lat' dir='ltr'><strong><em> </em></strong></span> 
     </span>
    </p>
   </div>
  </div>
 </body>
</html>
