3700 5659
761 540 856 586 curor
876 541 925 584 ι·ι.·
1382 531 1418 591 ut

212 634 323 698 teactis
340 633 447 710 dogma
482 633 519 696 de
539 642 662 717 peccata
688 632 822 710 origina-
842 642 844 655 ·
862 632 1085 714 dispositiones,
1105 636 1186 718 quad
1200 657 1288 700 nemo
1303 640 1469 702 affirmare·

213 723 236 781 ti
257 720 322 799 (l).
863 718 913 778 rit.
972 745 975 752 ·
1328 749 1331 756 ν

259 805 337 866 369.
362 801 541 866 ductorium
569 819 595 863 s.
619 801 754 867 Thomas
771 819 824 864 re·
907 803 980 878 371,
1001 802 1047 866 bd
1062 823 1099 868 ea
1117 815 1218 886 porro,
1235 825 1316 886 quae
1332 807 1468 868 atterun-

213 895 358 968 ponuut‚
373 905 447 969 eum
474 885 559 966 loqui
587 885 624 948 dc
646 885 825 960 necaesitate
864 893 914 946 tur
925 887 963 949 de
977 887 1124 950 missione
1140 889 1217 951 Petri
1232 891 1269 952 ad
1281 890 1466 967 Cornelium,

209 971 602 1051 praecepti‚cumdoceat
622 967 692 1032 l.'c.
713 978 771 1031 art.
793 971 823 1046 t,
864 969 949 1036 Pauli
978 971 1016 1034 ad
1051 971 1248 1045 Macedones,
1272 974 1398 1055 l‘bilippi
1430 975 1468 1036 ad

217 1055 315 1116 teneri
328 1054 485 1117 bominem
494 1054 617 1116 credere
629 1054 767 1135 explicite
778 1072 825 1116 ar·
864 1055 1051 1127 cannabum,
1071 1059 1272 1137 apostolorum
1294 1058 1331 1119 nd
1348 1065 1466 1135 gentem

216 1139 329 1200 siculas
352 1138 466 1202 Christi.
478 1157 595 1213 omnes,
615 1139 666 1219 qui
685 1137 825 1201 solemni·
866 1137 1123 1202 missianariorurn
1143 1141 1182 1202 ab
1196 1141 1322 1204 ecclesia
1341 1142 1379 1202 ad
1398 1143 1470 1204 ulti-

217 1234 263 1286 ter
273 1223 482 1299 celebrantium
492 1222 580 1302 quod
592 1222 724 1302 prolecto
739 1222 827 1284 intel·
866 1239 931 1286 mas
946 1222 1101 1301 regiones,
1123 1226 1323 1304 respondent,
1349 1227 1380 1286 1ο
1396 1227 1469 1306 qnia

215 1307 268 1385 ligi
297 1306 408 1387 nequit
426 1307 465 1368 de
497 1307 676 1368 necessitate
711 1305 823 1383 medii,
865 1307 939 1368 baec
968 1315 1013 1368 cst
1052 1309 1202 1370 ordinaria
1237 1311 1343 1385 ratio,
1375 1329 1468 1390 qnam

213 1392 399 1472 ⁴praesertim
420 1409 487 1452 cum
511 1389 622 1471 passim
643 1399 744 1452 utatur
761 1407 826 1450 ver·
866 1390 944 1452 Deus
971 1391 1076 1454 statuit
1102 1392 1140 1454 ad
1168 1394 1322 1456 salvandas
1338 1405 1467 1470 gentes3

218 1477 255 1536 bo
274 1476 333 1536 illo
360 1485 513 1552 tenentur,
536 1474 617 1554 quod
642 1474 762 1554 proprie
779 1473 824 1534 si·
864 1474 897 1535 ⁰2⁰
914 1475 986 1554 quia
1018 1475 1076 1538 ium
1106 1485 1153 1538 est
1170 1486 1359 1558 praeceptum
1380 1495 1469 1553 grana

212 1561 342 1636 gnitieat
357 1570 560 1640 praeceptum.
587 1556 652 1630 Qua
672 1559 764 1620 verbo
781 1565 826 1618 et·
864 1578 900 1619 aa
915 1558 1084 1622 univcrsale
1097 1560 1134 1621 da
1150 1561 1315 1641 protitanda
1330 1561 1469 1623 christia·

219 1646 279 1705 iam
314 1643 410 1704 utitur
429 1642 583 1719 angelicus
611 1642 716 1704 doctor
739 1642 769 1703 in
787 1660 824 1704 o·
866 1662 903 1703 na
922 1643 979 1704 tide
998 1643 1034 1704 ad
1052 1644 1180 1706 salntem
1198 1645 1414 1721 obtinendam3
1436 1647 1468 1706 3ο

220 1729 322 1791 biecto
349 1727 415 1788 loeo
439 1745 475 1789 ex
502 1727 717 1791 commentaria
746 1726 776 1788 in
805 1725 825 1786 3
865 1726 938 1807 qnia
955 1727 992 1787 da
1006 1728 1084 1790 lacto
1101 1729 1166 1790 sine
1182 1731 1238 1792 bae
1258 1729 1396 1810 explicita
1411 1729 1470 1791 side

215 1820 354 1873 sentent.
370 1808 455 1880 Quod
473 1829 543 1871 vero
565 1810 676 1872 ibidem
696 1810 768 1872 dicit
788 1810 825 1870 de
866 1830 941 1891 pene
959 1811 1034 1872 nulli
1052 1813 1237 1874 salvarentur
1255 1813 1293 1876 ab
1320 1813 1468 1893 multipli-

218 1894 459 1958 extraordinaria
468 1895 686 1956 illuminatione
698 1894 762 1970 nei,
776 1912 826 1954 ex·
865 1914 915 1957 ces
933 1895 1076 1972 rationes,
1098 1898 1273 1977 praesertim
1292 1916 1362 1958 vern
1382 1897 1420 1958 ab
1439 1897 1468 1958 i·

217 1980 346 2060 ponitur
363 1978 399 2038 de
425 1979 541 2040 liberali
572 1979 623 2045 liei
641 1977 827 2058 providentia
864 1979 1051 2054 guarantiam
1069 1980 1249 2061 culpabilem
1269 1990 1332 2042 tum
1349 1980 1468 2042 alticia-

220 2067 250 2124 in
269 2063 454 2124 necessitate
479 2062 629 2143 praecepti
654 2062 768 2138 diuini,
788 2081 825 2125 ne
865 2081 932 2124 rum
964 2081 1034 2140 erga
1064 2063 1179 2141 Deum,
1202 2083 1272 2142 erga
1303 2065 1419 2146 seipsos
1439 2073 1468 2125 et

217 2168 323 2210 secum
338 2147 553 2223 committatur,
563 2147 729 2221 ramelmi,
742 2165 826 2208 nem·
865 2166 935 2225 erga
960 2147 1152 2224 societatem,
1170 2157 1232 2209 tum
1252 2148 1290 2210 ab
1307 2149 1466 2229 pessimam

219 2253 255 2312 pe
271 2253 305 2313 p.
326 2250 370 2307 ιιι,
392 2251 444 2312 qu.
464 2233 516 2308 ou,
534 2238 592 2294 art.
617 2232 637 2292 d
659 2231 696 2293 ad
715 2231 825 2292 iscri-
865 2230 983 2294 vireudi
1000 2231 1167 2309 rationem,
1188 2241 1290 2314 utpote
1315 2233 1468 2313 cupidita-

223 2319 293 2378 bat:
319 2317 592 2394 Antcbuptismum
617 2317 775 2379 Cercetius
799 2323 826 2376 et
866 2324 927 2376 tum
958 2315 1131 2396 mancipia,
1154 2316 1273 2396 aliaque
1293 2317 1467 2397 permulta,

220 2403 273 2464 alii
305 2401 417 2462 similas
445 2408 666 2478 curiaequuatur
696 2400 827 2479 praticae
866 2417 944 2480 quae
972 2399 1091 2477 longum
1112 2409 1192 2462 esset
1211 2419 1391 2462 enumerare
1420 2415 1469 2461 at-

221 2496 246 2547 et
263 2486 393 2546 uirtutes
404 2501 459 2563 per
471 2486 557 2562 fidem
577 2483 693 2546 Christi
708 2492 734 2545 ct
753 2485 828 2546 dasi-
866 2501 925 2563 qne
944 2483 981 2542 ob
999 2483 1129 2562 ingentia
1145 2484 1235 2562 bona,
1250 2504 1328 2565 quae
1342 2503 1376 2546 ex
1390 2484 1470 2546 cbri-

222 2571 342 2630 drrium
375 2568 512 2647 baptismi
529 2567 693 2648 implicite,
707 2568 752 2628 uel
768 2587 825 2630 ce·
865 2568 963 2630 stiana
980 2567 1038 2632 dile
1057 2567 1231 2630 obveniunt

227 2656 330 2715 nlicite.
355 2652 392 2712 Et
409 2651 508 2731 reipsa
525 2669 584 2712 non
603 2651 689 2732 pauci
704 2651 827 2712 Tbomi·
907 2649 1122 2732 3lt.·Utique‚
1146 2659 1273 2732 pergunt
1289 2652 1376 2714 istius
1396 2671 1469 2714 sen-

221 2747 283 2797 stae
302 2738 447 2812 latentur,
468 2753 494 2795 s.
515 2735 672 2796 lluetorem
690 2754 743 2815 pro
758 2754 826 2799 sen·
865 2735 977 2796 tentiae
996 2736 1125 2815 patroni,
1142 2735 1311 2816 Baptismus
1327 2755 1470 2798 necessa·

228 2821 315 2882 tentia
345 2819 382 2882 de
400 2819 464 2880 sola
481 2818 541 2881 tide
566 2819 711 2901 implicita
728 2819 827 2882 consi·
865 2819 928 2879 rius
943 2828 989 2880 est
1006 2821 1051 2880 vel
1070 2820 1100 2880 in
1120 2838 1175 2895 rs,
1195 2821 1241 2882 vel
1260 2821 1290 2880 in
1308 2829 1397 2895 vato,
1415 2821 1468 2881 sad

225 2914 300 2966 stere
320 2903 385 2982 (2).
865 2902 977 2981 quibus
1009 2901 1144 2965 Christus
1173 2904 1367 2965 airnuntiatus
1400 2912 1466 2965 est:

262 2989 340 3050 370.
359 2985 408 3048 Sic
427 2987 516 3053 ctiam
538 2987 575 3051 de
605 2987 662 3050 lide
680 2986 825 3067 implicita
866 3005 934 3046 nam
954 2987 1052 3066 quoad
1067 2987 1203 3048 inddalcs
1215 3006 1288 3068 pure
1301 2989 1466 3066 negativos,

225 3080 376 3152 exponunt
406 3071 498 3134 rerba
521 3072 641 3134 consilii
673 3072 825 3134 tridentini
866 3070 1001 3150 ipsorum
1018 3071 1150 3132 conditio
1169 3071 1326 3132 immutata
1345 3090 1404 3132 non
1424 3081 1468 3133 est

228 3177 297 3218 sess.
311 3157 344 3232 6,
357 3173 386 3218 c.
400 3157 460 3217 bet
470 3157 499 3234 8,
519 3155 551 3217 in
570 3157 683 3237 quibus
709 3156 826 3217 videtur
865 3155 903 3214 ab
920 3173 967 3232 ea,
988 3173 1065 3236 quac
1091 3154 1226 3232 sublege
1243 3165 1366 3218 naturae
1384 3156 1469 3234 rige·

226 3242 379 3302 adstruere
411 3240 620 3314 necessitatem
655 3240 824 3310 absolutam
867 3238 939 3315 hat,
960 3257 1022 3318 quo
1053 3248 1187 3320 tempora
1220 3249 1300 3302 certe
1319 3240 1469 3302 eiusmodi

224 3325 292 3386 fidei
310 3324 350 3386 ad
367 3324 623 3400 iustificationem3
644 3344 712 3386 nam
727 3325 824 3398 aiant,
866 3321 1009 3404 Baptismi
1021 3325 1172 3405 susceptio
1185 3343 1246 3386 nan
1262 3325 1467 3386 eratmedium

225 3410 322 3489 ipsuin
337 3408 422 3488 loqui
433 3408 470 3470 de
482 3409 540 3470 tide
554 3409 585 3470 in
601 3409 752 3484 Christum
767 3409 826 3471 sub
866 3406 1005 3470 absolute
1030 3409 1255 3485 necesarium,
1284 3408 1345 3470 sire
1363 3409 1393 3469 in
1412 3427 1466 3484 re,

224 3501 370 3573 conceptu
387 3492 549 3571 generice,
571 3512 630 3554 non
648 3501 748 3556 autem
767 3493 825 3556 sub
865 3489 927 3552 sire
940 3491 971 3552 in
981 3500 1060 3568 vato,
1074 3492 1247 3554 adsalutem
1260 3492 1466 3567 obtinendam,

223 3586 370 3658 conceptu
391 3577 541 3657 specifico.
557 3575 634 3640 Sane
653 3577 826 3658 inutraque
866 3582 898 3634 ut
915 3593 1022 3638 omnes
1039 3576 1180 3638 latentur.
1194 3573 1351 3645 Sufficiens
1362 3594 1470 3656 propa-

227 3671 305 3723 textu
346 3659 537 3724 adducuntur
570 3661 660 3724 rerba
698 3661 825 3741 apostoli
864 3658 943 3735 gatto
961 3659 1390 3736 evangatii‚utamuadtuun
1408 3666 1466 3731 est,

226 3745 315 3806 ltebr.
333 3762 381 3819 xi,
407 3745 444 3821 6,
465 3744 577 3824 quibus
601 3764 661 3806 non
680 3744 825 3826 exprimi·
864 3741 987 3804 relatiua
1002 3751 1047 3806 est
1059 3742 1244 3807 adnationes
1259 3751 1289 3804 ct
1302 3742 1466 3804 individua.

226 3837 275 3889 tur
290 3827 347 3890 nisi
365 3827 439 3889 fides
455 3829 592 3910 explicita
608 3828 753 3890 in-Deum
773 3848 824 3891 re·
864 3826 923 3887 dut
955 3826 980 3887 si
1013 3827 1131 3906 placet,
1154 3834 1256 3888 uotum
1287 3827 1467 3908 implicitum

225 3919 459 3989 muneratorem3
479 3931 514 3974 ac
533 3922 687 3996 praeterea
700 3912 743 3974 ihi
757 3932 824 3976 ser·
863 3910 1035 3972 continetur
1061 3911 1092 3971 in
1111 3911 1162 3984 illa
1188 3911 1321 3990 generali
1340 3911 1469 3993 disposi-

227 4016 276 4058 mo
300 4005 346 4059 est
374 3995 412 4057 do
442 3997 643 4060 communiet
671 3995 824 4064 ordinario
864 3994 945 4056 tione
962 3994 1147 4075 perficiendi,
1161 3994 1307 4076 quidquid
1323 3993 1402 4058 Deus
1417 4015 1470 4058 vu-

225 4082 314 4143 modo
340 4099 374 4141 se
404 4081 598 4161 praeparandi
623 4081 661 4142 ad
678 4081 824 4143 iustibea·
864 4079 965 4152 luerit,
983 4077 1020 4140 ad
1037 4079 1277 4141 iustificationum
1296 4088 1326 4142 et
1339 4081 1467 4143 salutem

227 4165 336 4228 tionem
353 4184 362 4240 3
386 4163 521 4245 alioquin
540 4165 716 4227 necessitate
734 4165 824 4227 medii
863 4163 922 4225 sibi
938 4162 975 4224 ab
995 4181 1031 4224 eo
1044 4161 1232 4225 tribuendam
1249 4164 1309 4244 (3).
1328 4195 1332 4202 ·

229 4251 431 4330 requireretur
454 4249 544 4310 etiam
562 4249 636 4310 fides
652 4267 686 4311 ex
705 4249 820 4327 auditu,
875 4269 880 4280 ’
907 4245 1470 4330 373.Quoadilluplaotem,quodsub-

224 4343 341 4412 praetor
369 4331 445 4395 alias
473 4352 507 4396 er
526 4331 631 4396 ordine
661 4334 824 4397 recensitas
863 4330 955 4410 ditur,
966 4350 1132 4413 repugnare
1141 4331 1311 4414 quempiam
1320 4333 1471 4394 noncbri-

236 4607 240 4614 ¹
261 4549 297 4615 (t)
314 4551 353 4604 Ct.
366 4551 398 4602 de
411 4550 498 4620 Lago,
511 4547 575 4602 ibid.
589 4567 616 4602 n.
629 4546 686 4601 tut.
898 4519 942 4614 (dl
954 4547 993 4600 Ci.
1014 4564 1080 4616 quae
1104 4546 1152 4598 buc
1169 4563 1247 4613 super
1271 4563 1297 4598 re
1315 4546 1468 4611 scripsimus

261 4620 296 4687 (2)
308 4619 384 4687 Apud
401 4618 507 4683 Sumen,
525 4618 594 4686 disp.
609 4623 650 4680 l2,
669 4625 730 4669 sect.
743 4622 769 4680 5,
796 4633 824 4669 n.
866 4616 891 4668 in
909 4625 1018 4666 tractatu
1036 4619 1064 4664 de
1088 4613 1230 4680 Buptirmo,
1248 4630 1306 4684 cap.
1326 4618 1360 4677 6,
1380 4618 1408 4664 dr
1425 4632 1467 4668 uc·

230 4688 270 4746 tl,
285 4703 355 4757 seqq.
864 4687 973 4735 cessitate
985 4681 1114 4746 Bupliarui.
