3700 5659
445 554 508 618 920
932 565 970 609 ne
989 565 1133 612 etlumen

398 665 454 728 dua
479 659 668 742 perfectionis
689 677 842 738 autminus,
863 657 916 740 qui
940 677 1001 720 nen
1020 661 1024 685 '
1042 677 1074 718 se
1098 666 1161 720 tem
1184 658 1285 740 quoad
1306 678 1395 722 snum
1415 661 1611 733 metirentur

399 747 479 812 cadit
496 747 553 808 sub
572 742 835 826 praeceptum,sed
848 743 1003 806 dumtaxat
1042 742 1143 823 quoad
1156 743 1296 821 gradum3
1312 754 1403 826 atque
1421 745 1470 807 hic
1487 756 1610 830 actnsost

400 833 457 896 suh
476 829 634 892 consilium
653 830 713 909 (l).
1042 826 1094 907 qui
1113 826 1291 908 simpliciter
1305 837 1335 890 et
1348 829 1485 893 absolute
1495 835 1612 912 perlectae

442 917 494 978 95.
517 914 648 975 llicimus
668 914 711 989 8⁰,
729 911 896 990 caritatem,
913 919 1003 992 prout
1042 910 1176 973 caritatis
1195 912 1317 974 nemine
1334 915 1478 994 appellari
1495 915 1612 996 debetur

401 999 527 1064 actualis
552 1006 615 1075 est,
640 997 762 1079 perinde
788 1015 823 1058 ac
852 1015 1000 1072 amorem,
1041 1013 1111 1057 uera
1129 1003 1175 1058 est
1192 996 1288 1059 virtus
1306 997 1474 1075 theologica
1489 1000 1544 1080 (3).

401 1085 546 1146 maiorem
573 1083 758 1144 minoremve
781 1100 869 1162 posse
896 1079 1002 1142 haberi
1085 1080 1137 1142 ut.
1158 1079 1203 1142 dd
1222 1081 1614 1164 praecavendasdcoiqnead·

402 1168 512 1250 triplici
524 1168 651 1230 ratione:
670 1184 776 1247 nempe
788 1175 841 1228 aut
855 1164 1003 1228 obiectire
1041 1165 1317 1249 reusesxsaniorem
1339 1166 1515 1230 catholicam
1533 1168 1613 1233 deotri-

402 1252 669 1334 eutapprctiativc‚
686 1249 905 1312 autinteusiue.
918 1249 1003 1314 otte·
1044 1267 1112 1309 uam
1132 1248 1187 1310 hac
1205 1247 1237 1309 in
1253 1268 1287 1310 re
1304 1250 1385 1312 haud
1404 1269 1557 1331 paucorum
1573 1275 1612 1315 nen

402 1339 488 1416 ortae,
507 1337 657 1417 siqnidem
675 1344 745 1398 tunc
763 1335 841 1396 alius
857 1353 929 1415 prae
943 1332 1003 1395 alio
1043 1341 1124 1394 recte
1140 1332 1333 1396 sentientium
1354 1335 1490 1411 insidias,
1502 1337 1549 1417 qui
1564 1357 1612 1419 prs·
1652 1398 1653 1401 ,

403 1421 497 1486 amari
523 1420 650 1496 dieitur,
677 1438 744 1482 cnm
772 1418 868 1480 rnaius
891 1419 1002 1481 bonum
1044 1416 1101 1478 sim
1117 1435 1142 1478 s.
1163 1416 1322 1495 Augustini
1340 1438 1375 1480 ac
1392 1438 1420 1481 s.
1442 1418 1564 1483 Thomac
1579 1443 1614 1483 ae-

403 1506 490 1568 alteri
508 1524 579 1586 prae
594 1505 688 1566 altero
704 1511 834 1584 optatur,
853 1510 885 1564 ut
898 1502 923 1563 si
936 1501 1005 1583 quis
1044 1500 1182 1564 ctoritate
1201 1502 1377 1580 abutuntur,
1397 1511 1432 1566 nt
1450 1513 1576 1579 statuant,
1587 1507 1614 1565 ri·

404 1589 456 1650 uni
481 1589 567 1666 velit,
589 1595 671 1668 optet
689 1597 741 1654 aut
759 1586 932 1668 imperium,
953 1594 1006 1648 aut
1046 1585 1154 1647 tiosum
1188 1603 1256 1648 esse
1284 1586 1433 1668 quidquid
1460 1607 1495 1650 en
1521 1589 1613 1651 caritate

404 1692 541 1752 regnum,
562 1671 649 1734 alteri
668 1691 738 1732 vere
759 1689 818 1732 non
839 1671 895 1734 nisi
919 1670 1004 1751 priu-
1023 1659 1027 1689 ¹
1045 1668 1214 1750 theologica
1225 1670 1288 1732 sive
1303 1670 1463 1749 habituali,
1472 1673 1529 1734 sire
1539 1684 1613 1733 actea·

406 1754 1003 1839 cipetum.rlpprctiutiee,cumquispiam
1044 1755 1065 1816 li
1086 1773 1145 1816 non
1167 1754 1307 1835 produit,
1325 1756 1470 1818 nonnulla
1485 1776 1518 1819 er
1536 1757 1613 1818 iisdem

407 1841 445 1906 ob
466 1842 565 1918 detes,
586 1859 664 1921 quae
686 1841 716 1902 in
739 1859 774 1902 eo
797 1849 850 1902 aut
866 1848 936 1900 sunt
954 1848 1006 1900 aut
1045 1839 1156 1902 sanctis
1174 1838 1348 1901 doctoribus
1362 1841 1550 1921 praemittere
1567 1860 1615 1901 ren·

406 1926 683 2008 apprehenduntur,
708 1924 802 2006 pluris
831 1924 1007 1986 aestimatur
1045 1942 1159 1999 semus,
1181 1932 1214 1984 ut
1231 1942 1302 1986 vera
1320 1943 1427 1986 eorum
1447 1945 1527 1987 meus
1543 1926 1615 1987 elure-

405 2011 437 2072 in
460 2009 684 2091 comparatione
709 2009 852 2083 alterius,
872 2007 924 2089 qni
948 2006 1005 2068 mi·
1046 2013 1110 2070 Isont
1130 2007 1209 2070 circe
1226 2008 1360 2070 caritatis
1379 2018 1411 2071 et
1428 2010 1615 2072 amorisdirer·

406 2095 488 2157 noris
498 2095 675 2156 aestimatur
688 2112 724 2155 eo
736 2095 813 2175 ipso,
830 2093 912 2174 qued
927 2093 1006 2154 eius·
1047 2111 1096 2156 ses
1117 2092 1318 2172 acceptiones.

406 2179 487 2240 medi
506 2179 627 2240 dotibus
644 2197 703 2240 nou
716 2179 790 2240 adeo
809 2177 932 2256 fulgeat3
946 2196 1007 2257 que
1090 2177 1142 2238 98.
1160 2175 1264 2257 ltaque
1278 2177 1548 2255 animadvertimus,
1559 2176 1615 2238 inita

407 2263 438 2324 in
454 2283 525 2326 casu
541 2265 656 2344 primus
678 2263 895 2344 praediligitur‚
916 2261 958 2322 ita
977 2268 1009 2322 ut
1027 2248 1030 2291 ¹
1047 2278 1073 2321 s.
1094 2261 1294 2337 Augustinum
1315 2270 1344 2323 et
1359 2280 1384 2323 a.
1406 2262 1545 2324 Theman
1560 2263 1615 2322 cari-

408 2349 478 2409 velit
496 2349 597 2428 petius
616 2347 740 2408 secundi
759 2365 849 2427 qnam
866 2345 955 2426 primi
973 2365 1008 2406 a·
1028 2420 1031 2437 ,
1049 2346 1117 2406 tatis
1140 2346 1263 2406 nemine
1282 2345 1435 2408 interdum
1456 2347 1514 2408 imo
1535 2346 1614 2428 passiu

408 2432 553 2492 micitium
569 2430 703 2512 partiare.
720 2432 868 2492 lutcuoiec
879 2429 1010 2509 denique
1028 2450 1031 2551 (
1050 2448 1109 2490 non
1123 2429 1272 2508 designari
1284 2432 1379 2492 selam
1395 2432 1545 2494 caritatem
1558 2432 1615 2491 thee·

410 2533 478 2577 curn
492 2515 585 2594 magis
601 2514 712 2594 aliquis
727 2514 872 2590 diligitur,
884 2532 954 2575 curn
965 2514 1010 2574 in·
1049 2514 1176 2592 logicam
1195 2514 1257 2576 sive
1272 2514 1438 2596 perfectam
1458 2516 1517 2578 sive
1532 2516 1614 2594 imper-

410 2600 653 2662 tensiorialiectn
670 2597 1011 2660 antlerrentioriieali-
1049 2598 1250 2676 lectam,.sed
1274 2601 1440 2678 generatim
1464 2601 1547 2663 etiam
1566 2598 1615 2658 heri

411 2703 501 2766 quem
521 2702 592 2764 prae
610 2683 668 2744 alio
687 2683 782 2744 lertur
801 2682 958 2763 magisque
975 2701 1010 2744 e-
1050 2702 1085 2744 ac
1109 2683 1228 2744 honesti
1248 2702 1401 2762 amorem,
1428 2685 1491 2747 sive
1514 2681 1615 2753 moratis,

410 2769 458 2831 ius
477 2768 633 2830 allectione
651 2768 824 2849 percellitur
838 2767 898 2848 (9).
1050 2767 1112 2828 siue
1134 2769 1371 2848 supernaturalis
1395 2769 1448 2830 sit.
1472 2767 1532 2840 Quo
1552 2785 1615 2828 sensu

453 2856 505 2916 99.
528 2854 659 2915 Dicimus
675 2854 717 2930 9⁰,
733 2852 877 2928 caritatis,
895 2871 950 2914 sen
963 2870 1012 2932 pe·
1050 2870 1076 2912 s.
1096 2851 1280 2927 Augustinus
1301 2853 1438 2933 scripsit:
1460 2849 1617 2930 (theodelini

410 2938 471 3000 tius
491 2939 602 3000 ameris
622 2947 721 3000 aetum
741 2956 829 3018 pesse
848 2938 1010 3018 perlectum
1049 2936 1089 2998 eit
1106 2937 1183 2997 hone
1196 2937 1342 3012 uelrrrrteo,
1360 2955 1451 3015 quem
1465 2934 1615 3012 recitasti),

412 3023 471 3084 dici
486 3031 538 3084 aut
552 3023 648 3084 solum
664 3021 764 3102 quoad
778 3041 866 3084 suum
887 3021 1013 3082 lormale
1052 3028 1082 3081 et
1108 3019 1197 3081 alibi:
1226 3021 1376 3096 ereelihet
1403 3024 1518 3099 uirtus,
1535 3019 1615 3099 iuquit

416 3107 571 3182 motivum,
582 3125 640 3166 nen
652 3107 722 3168 item
733 3125 803 3167 uere
816 3106 914 3186 quoad
923 3124 1012 3166 suem
1052 3113 1093 3168 eat
1107 3106 1180 3166 urdo
1198 3106 1310 3166 eniteris
1323 3105 1384 3185 (5).
1400 3104 1485 3178 Quae
1499 3105 1616 3169 uerhaer-

412 3191 551 3267 gradum,
564 3208 632 3250 cum
645 3208 704 3250 non
717 3191 863 3270 pertingat
873 3189 910 3250 ad
921 3191 1012 3251 ileum
1053 3189 1186 3270 pendens
1205 3207 1230 3249 s.
1247 3189 1377 3250 Thomas
1392 3191 1469 3253 haec
1483 3191 1573 3253 habet:
1585 3187 1618 3248 u·-

413 3292 504 3354 super
526 3274 627 3334 emnia
653 3272 835 3350 diligendum
856 3274 1013 3334 omnihus·
1054 3284 1095 3335 cet
1111 3274 1225 3336 ceritm
1242 3275 1284 3336 eit
1302 3291 1404 3353 emor,
1424 3293 1487 3338 neu
1503 3285 1623 3338 tuncne.

415 3378 474 3439 qne
502 3357 749 3440 praeterendnnr;
770 3365 822 3420 aut
851 3358 1014 3438 perlectum
1054 3358 1133 3419 nouis
1156 3376 1241 3420 emur
1265 3366 1307 3420 est
1329 3360 1453 3422 oera'tee.
1481 3361 1549 3424 Cum
1570 3371 1618 3433 erqo

414 3442 535 3524 quidem
552 3441 657 3504 haberi
670 3461 758 3524 posse
776 3442 875 3524 quoad
889 3442 1014 3518 gradum
1054 3443 1166 3504 dieitur
1191 3445 1268 3522 qued
1292 3445 1389 3506 omitia
1406 3447 1504 3528 uirtus
1518 3451 1556 3508 cat
1570 3439 1619 3501 erdo

413 3547 465 3590 seu
485 3527 703 3609 superomnia,
725 3546 784 3588 nen
801 3535 901 3590 autem
917 3527 1016 3608 quead
1055 3529 1178 3605 euteria,
1191 3537 1288 3607 potest
1306 3529 1436 3611 iintellipc'
1453 3531 1495 3593 cel
1508 3530 1619 3592 moneo

414 3632 501 3676 suum
516 3612 672 3688 motivum,
687 3621 790 3694 utpote
803 3632 862 3674 nen
881 3612 1016 3674 elicitum
1055 3613 1251 3675 communiter
1268 3613 1357 3690 dicte,
1376 3614 1476 3700 urlxde
1492 3628 1578 3675 emero
1589 3622 1620 3667 ct·

414 3715 448 3758 cx
467 3697 586 3759 lorrnali
607 3697 717 3758 motivo
737 3699 886 3778 perlectae
905 3698 1016 3760 carita·
1056 3697 1170 3759 alletia.
1188 3698 1222 3760 Si
1236 3698 1270 3760 de
1287 3715 1388 3759 umore
1404 3689 1619 3761 communituri·

415 3782 470 3859 tis;
485 3792 536 3844 eut
549 3783 669 3844 demum
683 3784 847 3864 perlectum
867 3801 934 3845 esse
949 3800 1018 3863 pes·
1056 3789 1112 3857 cto,
1132 3782 1175 3844 sic
1193 3781 1305 3844 dicitur
1322 3783 1465 3862 queelihet
1481 3783 1566 3846 uirtus
1582 3790 1621 3836 nst

449 3914 487 3979 (l)
501 3912 597 3964 liorem
611 3913 738 3980 graduum
756 3911 919 3963 adumbratio
937 3911 1017 3963 habe·
1057 3910 1189 3962 distinctio
1204 3912 1288 3978 potius
1300 3911 1375 3964 eadat
1388 3929 1466 3981 snper
1477 3905 1621 3973 amoremqei

417 3988 458 4028 tur
477 3997 501 4028 m
516 3979 648 4033 Exercitus
660 3981 837 4046 spiritualibus
849 3998 869 4031 a.
886 3983 978 4048 ignatii
992 3982 1017 4031 in
1057 3979 1181 4030 cerilnudi
1194 3996 1243 4029 nen
1262 3979 1409 4032 debetcum
1434 3984 1535 4033 caritate
1549 3978 1621 4029 theolo-

417 4051 429 4095 (ι
443 4046 599 4098 hebdomoda
610 4050 635 4098 iu
651 4049 813 4098 irreditetieue
831 4049 959 4116 graduum
971 4049 1019 4100 hu-
1057 4049 1124 4113 gioa.
1140 4048 1302 4114 Exploratum
1324 4059 1411 4100 autem
1434 4059 1472 4102 eet
1493 4065 1521 4101 cx
1536 4044 1621 4098 doctrina

418 4113 542 4163 militetis.
556 4117 595 4165 Cf.
616 4113 705 4166 Kilbot·
716 4118 752 4166 Dc
765 4123 836 4168 cord.
850 4133 908 4184 cup.
929 4123 953 4180 l,
966 4125 1017 4168 nrt.
1058 4131 1078 4163 a.
1092 4115 1204 4165 Tlreruno
1218 4116 1252 4177 1t,
1265 4123 1291 4176 2,
1309 4132 1336 4183 q.
1359 4123 1402 4175 at,
1425 4127 1473 4170 ert.
1496 4124 1529 4178 a,
1549 4128 1588 4164 neu
1600 4125 1620 4157 t·

418 4184 443 4242 l,
463 4197 489 4231 n.
503 4185 561 4231 979.
1059 4201 1143 4233 rurrrem
1161 4200 1271 4234 aratorem
1290 4201 1343 4233 ease
1355 4187 1503 4249 caritatem3
1526 4181 1548 4232 id
1563 4182 1621 4249 ipsunt

441 4252 489 4314 (9)
507 4249 547 4298 tlt.
567 4248 616 4298 heo
633 4247 910 4315 deargnmenleloan.
926 4249 1016 4301 Prone.
1059 4255 1150 4316 repetit
1167 4251 1299 4301 s.l)ector
1322 4268 1348 4319 q.
1374 4260 1420 4314 ll,
1446 4263 1492 4304 ert.
1512 4243 1620 4313 hatelh

416 4314 448 4368 tle
467 4316 563 4368 liuhais
576 4317 602 4366 iu
625 4333 669 4383 op.
691 4317 817 4368 Deserit.
841 4318 931 4368 uirtute
949 4323 1019 4370 theol.
1059 4321 1159 4384 passini.
1186 4317 1366 4370 Verumtamen
1384 4323 1621 4373 snat-octochordo·

417 4400 473 4452 cap.
489 4391 532 4438 itt.
1060 4390 1120 4438 nine
1137 4387 1227 4438 abtauit
1249 4387 1420 4441 differentium
1443 4391 1508 4440 inter
1522 4387 1622 4451 raritatem

451 4457 489 4521 (5)
505 4453 562 4506 tid.
577 4451 664 4503 Certos
682 4451 708 4502 in
726 4451 930 4516 Antibolqenr'nue
948 4457 976 4503 dc
993 4471 1020 4504 e·
1061 4455 1198 4522 perlectam
1212 4465 1234 4505 ct
1249 4455 1423 4524 imperfectam
1437 4458 1622 4514 insereremur·

416 4525 559 4583 abraami,
580 4519 692 4571 Ferilivii
714 4523 828 4582 trumo.
845 4525 903 4582 120,
922 4521 1019 4571 ubiin·
1061 4534 1094 4574 te.
1114 4523 1292 4591 Unusquisque
1318 4525 1344 4574 in
1370 4543 1417 4576 sue
1438 4539 1510 4576 serrae
1526 4516 1622 4570 uhrnrdol·

416 4593 498 4656 surgit
511 4589 634 4639 adversus
652 4589 767 4654 Belgrnii
785 4585 975 4639 distinctionem
988 4588 1021 4640 de
1062 4590 1121 4644 Vid.
1138 4592 1214 4642 etiam
1227 4593 1265 4641 lle
1278 4593 1375 4644 liubeis
1388 4597 1414 4644 in
1430 4611 1472 4660 op.
1489 4599 1513 4642 et
1529 4590 1570 4638 loe.
1582 4583 1613 4632 til·

417 4660 521 4708 caritate
541 4659 653 4723 prolecta
674 4659 698 4707 in
712 4673 757 4708 sna
775 4667 866 4707 notura
884 4667 910 4707 rt
923 4660 1019 4724 imper·
1080 4676 1084 4680 “
1106 4661 1133 4724 t)
1156 4659 1210 4710 Lib.
1230 4659 1266 4710 De
1283 4667 1349 4723 grul.
1362 4665 1447 4714 chriel.
1464 4660 1563 4727 capti.

417 4729 482 4777 t'ccta
503 4728 527 4775 in
547 4743 591 4776 sue
611 4723 708 4792 grnrlrr,
728 4735 753 4777 et
771 4735 867 4786 eerrtra,
887 4743 945 4777 carm
959 4727 1020 4777 hore
1039 4781 1047 4801 1,
1106 4731 1132 4793 ὅ)
1146 4727 1200 4775 Lib.
1223 4729 1257 4777 ue
1276 4745 1337 4779 ruer.
1350 4734 1432 4785 cccter.
1445 4745 1498 4796 cap.
1514 4731 1548 4776 tt.
