3700 5659
405 434 468 500 250
656 484 661 494 ι
890 446 930 492 nr
946 442 1092 492 murrum

363 563 478 623 eorum,
499 557 575 623 puae
588 547 830 620 euntsoproaor,
844 545 871 599 et
879 555 969 618 proe-
1006 537 1171 618 copiditas:
1187 553 1315 617 pitaram
1337 540 1391 603 itta
1408 539 1446 606 eie
1464 543 1545 607 reeta
1563 557 1618 624 ert,

364 632 448 709 cipue
466 627 522 691 Dei
539 626 655 689 ditectio
682 621 848 704 capnittoni
873 637 967 702 proe-
1007 623 1067 685 Deo
1079 621 1245 700 plantante,
1266 623 1324 686 ista
1337 642 1377 685 ee
1394 626 1528 703 mando,
1549 629 1618 691 ‹iio-

364 711 479 793 lertar;
495 719 521 774 et
540 711 605 772 ideo
623 709 733 771 raritas
761 713 804 769 est
825 705 969 768 eesetten-
1008 703 1071 768 boto
1083 706 1262 768 seminante.
1278 705 1391 768 Exinde
1406 710 1541 790 prodivit
1550 711 1617 772 ian·

367 796 429 861 tior
448 797 506 876 flete
523 793 584 874 (i).
1007 788 1200 850 senianorum
1214 790 1379 871 propositio
1392 793 1432 852 ab
1445 793 1615 856 Alexandro

913 947 918 955 ι
1006 868 1073 932 trit
1084 871 1234 950 damnata,
1251 891 1358 953 nempe
1369 891 1428 936 vn:
1442 878 1554 940 Omnis
1563 881 1616 942 brr-

576 965 699 1024 GAPUT
719 965 756 1023 V·
1006 972 1098 1016 marea
1109 955 1185 1017 meto
1194 955 1354 1018 deliberato
1366 966 1409 1019 est
1419 958 1616 1039 aaronem,

417 1097 455 1140 DE
475 1091 671 1140 secessurum
689 1090 726 1136 ΕΤ
743 1086 916 1136 ΡΜῊΤΟ
1006 1039 1182 1101 oetmrmdi:
1195 1040 1293 1118 riDei,
1310 1043 1421 1102 caritas
1437 1043 1546 1105 Patris
1563 1055 1616 1107 est:

590 1174 744 1222 mmmm
1006 1122 1034 1184 si
1049 1123 1157 1184 mundi
1173 1124 1418 1203 eoncupiscentia,
1433 1129 1552 1204 earnis,
1567 1129 1617 1191 boe

1008 1214 1061 1277 ert,
1071 1207 1152 1267 molo
1164 1214 1207 1268 est
1220 1207 1280 1286 (3).
1294 1205 1367 1268 item
1382 1205 1541 1278 Quesnetli
1551 1228 1618 1292 pro·

407 1291 481 1352 tet.
503 1290 580 1352 lium
594 1288 631 1350 de
643 1286 778 1351 caritatis
789 1285 969 1349 necessitate
1008 1289 1118 1369 positio
1136 1306 1203 1350 nuru
1221 1309 1239 1350 a
1255 1289 1408 1352 Clemente
1422 1290 1462 1352 xt
1481 1296 1616 1373 proseri-

366 1391 537 1439 sermonem
555 1372 753 1449 instituimus,
775 1369 858 1433 baud
872 1368 969 1430 inten·
1009 1379 1075 1453 pta:
1089 1374 1157 1436 Non
1168 1374 1379 1436 srrntnisitiuo
1390 1383 1526 1449 umores,
1539 1381 1617 1439 ande

366 1459 467 1522 dimus
480 1457 545 1520 Boii
562 1475 597 1518 ao
615 1454 848 1517 iansenistarum
876 1453 968 1516 reiel-
1008 1455 1163 1518 volitiones
1176 1463 1205 1518 et
1223 1457 1355 1519 actiones
1374 1475 1480 1522 omnes
1499 1469 1618 1523 nostroe

366 1545 430 1605 lere
444 1559 574 1617 errores,
587 1557 682 1620 quum
698 1539 754 1600 boo
770 1537 895 1600 atterius
909 1535 968 1598 toei
1008 1547 1191 1602 amnentur:
1203 1556 1288 1602 amor
1299 1541 1365 1612 Dei,
1376 1544 1430 1620 pai
1440 1545 1617 1625 omniaopet

368 1628 419 1689 sit.
440 1624 533 1686 Nobis
552 1623 601 1685 hio
612 1622 687 1684 satis
700 1631 747 1683 est
765 1621 834 1683 illos
852 1619 969 1702 eapitu-
1005 1630 1128 1704 propter
1143 1625 1249 1699 Deam,
1270 1639 1410 1704 quemque
1424 1628 1507 1689 Deos
1517 1645 1616 1690 rento·

368 1709 453 1772 latim
474 1725 633 1789 exponere,
653 1713 687 1767 ut
701 1712 811 1786 pateat,
836 1723 927 1786 quarn
951 1721 969 1765 a
1008 1713 1157 1768 ametor:
1177 1715 1204 1769 et
1221 1723 1307 1768 umor
1324 1723 1381 1786 poa
1398 1727 1454 1771 nos
1476 1711 1559 1788 ipsos
1584 1730 1616 1774 oe

368 1803 439 1855 vero
469 1791 526 1873 ipsi
556 1789 768 1866 abscesserint,
793 1785 966 1864 numurus,
1008 1791 1156 1852 mondum
1184 1791 1359 1870 diiipimm,
1387 1794 1440 1870 pai
1468 1797 1552 1872 qaod
1577 1797 1615 1856 mi

369 1895 461 1958 quam
480 1893 534 1956 par
551 1874 653 1950 tuerit,
673 1872 825 1935 voluerint
836 1870 970 1934 caritatis
1012 1873 1104 1935 Deam
1115 1875 1308 1953 referendam
1321 1883 1373 1952 est,
1389 1893 1451 1937 non
1465 1879 1574 1959 refert,
1589 1887 1615 1940 et

368 1960 579 2022 necessitatem
597 1957 785 2039 protendere.
1006 1974 1064 2038 pro
1086 1964 1131 2019 ter
1151 1957 1204 2018 boo
1219 1959 1317 2036 ipsum
1335 1959 1370 2038 fit
1387 1960 1497 2022 molus.

411 2043 485 2106 eet.
506 2041 596 2104 Baius
614 2041 715 2120 igitur,
728 2048 904 2101 novatorum
915 2055 970 2100 ve·
1052 1975 1126 2101 gii.
1142 2038 1184 2102 Ex
1203 2039 1260 2102 boo
1279 2049 1378 2102 autem
1393 2037 1549 2125 'principio
1566 2063 1612 2106 se-

370 2126 627 2206 stigiisinsistens‚
639 2125 754 2186 nulium
768 2122 969 2185 darimedimn
1011 2125 1071 2185 mei
1090 2123 1220 2185 admisso
1239 2133 1417 2204 sequeretur
1442 2128 1472 2187 i·
1494 2128 1610 2189 nntium

371 2210 529 2274 constituit
538 2211 616 2271 inter
627 2209 781 2270 ceritatem
794 2216 823 2269 et
833 2207 970 2268 vitiosam
1011 2207 1075 2268 dari
1097 2225 1231 2269 amorem
1258 2217 1434 2270 autentum
1459 2212 1611 2272 moraliter

346 2291 969 2376 ⁴cupiditatem,ouiuspropositiorxxvm:
1012 2308 1066 2352 seu
1094 2290 1273 2354 naturaiiter
1297 2293 1478 2371 honestum,
1502 2295 1555 2377 qui
1581 2313 1612 2356 ex

373 2379 569 2442 Omnisemor
582 2375 904 2438 ereataroerotionotis
917 2382 973 2437 aut
1012 2374 1136 2436 caritate
1154 2374 1321 2454 theologica
1337 2395 1398 2437 non
1413 2378 1568 2458 procedat.
1582 2379 1612 2438 ἱ·

373 2463 479 2524 vitiosa
495 2468 536 2521 est
566 2459 724 2538 copiditas,
756 2475 814 2537 quo
843 2459 974 2519 mundas
1013 2455 1120 2520 Omnia
1132 2477 1223 2539 opera
1234 2457 1400 2521 infidelium
1411 2461 1538 2522 totidem
1551 2479 1612 2522 esse

373 2545 524 2626 dilipitur,
545 2558 619 2620 qaae
636 2559 655 2602 a
672 2541 782 2603 Ioanne
796 2541 974 2621 prohibetor
1014 2549 1154 2622 peecata,
1174 2549 1278 2622 utpote
1302 2561 1380 2622 quae
1403 2545 1531 2606 caritate
1548 2555 1611 2606 sunt

375 2638 429 2692 ont
448 2626 609 2691 laudabitis
626 2625 680 2687 illo
697 2624 818 2698 auritos,
836 2641 905 2702 qao,
917 2641 975 2703 per
1014 2624 1168 2686 destituta.
1190 2627 1221 2686 3⁰
1238 2623 1345 2687 Omnia
1366 2644 1457 2707 opera
1474 2637 1610 2709 peceato-

375 2712 522 2792 Spiritum
539 2717 676 2772 senectam
693 2709 727 2770 ia
743 2709 830 2770 eorde
851 2708 972 2788 diffessa,
1014 2725 1101 2785 rum,
1121 2708 1245 2769 totidem
1268 2709 1380 2789 pariter
1394 2721 1519 2790 peccata
1535 2731 1608 2785 esse,

378 2799 454 2860 bero
473 2801 605 2869 amator,
620 2813 638 2854 a
656 2791 754 2854 tribus
785 2809 862 2852 rom.
897 2810 975 2872 pon·
1015 2799 1085 2852 ante
1109 2791 1350 2854 iustificationem
1373 2803 1507 2874 peraeta.
1535 2793 1612 2865 Quae

192 2942 196 2949 .
273 2900 275 2904 ’
376 2880 507 2941 tifioibus
529 2896 554 2938 s.
574 2876 627 2937 Pio
663 2874 698 2953 V,
727 2873 869 2952 Gregorio
896 2873 976 2952 xsst,
1016 2873 1615 2939 doctrinaadversaturtumeonoiliotri-

376 2973 406 3026 et
425 2961 546 3024 Urbano
560 2959 625 3022 vtlt
656 2959 822 3040 proscripta
850 2968 906 3020 est.
934 2959 977 3019 Ex
1017 2957 1351 3036 dentinosess.vr‚ean.
1363 2976 1415 3020 vn:
1436 2961 1471 3022 St‘
1487 2963 1556 3040 puis
1569 2963 1614 3023 tii·

376 3047 464 3109 ouius
482 3043 694 3126 propositionis
707 3043 806 3104 uerbis
818 3049 909 3124 patet,
923 3041 979 3104 Ba·
1016 3043 1098 3105 operit
1114 3060 1204 3122 opero
1221 3044 1334 3120 omnio,
1351 3060 1426 3121 quoe
1443 3054 1516 3107 onte
1530 3047 1615 3106 iusti·

358 3131 440 3209 ιἰιιιιι
456 3129 487 3188 id
504 3127 644 3188 statuisse
659 3125 697 3187 de
714 3126 838 3188 caritate
857 3127 977 3187 tbeoio-
1018 3126 1183 3206 ficationem
1200 3127 1290 3207 fiant,
1306 3141 1487 3206 quatumque
1503 3130 1616 3190 ratione

377 3213 443 3290 gion
462 3219 492 3272 et
512 3209 633 3290 proprio
662 3209 753 3280 diota,
784 3208 859 3270 eitra
887 3227 978 3290 quam
1017 3211 1099 3290 sorta
1116 3211 1189 3285 siat,
1207 3227 1275 3272 aere
1293 3227 1352 3272 esse
1366 3219 1508 3290 peecata,
1524 3212 1571 3274 oet
1586 3231 1615 3273 o-

377 3295 513 3358 artiones
540 3309 644 3353 omnes
673 3291 824 3354 humanae
853 3291 978 3356 totidem
1018 3294 1104 3356 eiiam
1121 3294 1178 3358 Dei
1201 3295 1370 3356 mereri...
1390 3296 1554 3358 ooutbemo
1572 3296 1617 3357 sit:

378 3385 501 3462 peecata
518 3384 589 3438 sunt
605 3375 667 3456 (i).
1020 3383 1084 3439 turn
1100 3377 1356 3460 propositionibus
1371 3395 1481 3439 arom.
1500 3379 1617 3460 pontiti-

421 3461 494 3523 223.
514 3459 671 3522 Iansenius
685 3477 754 3521 vero
769 3453 849 3522 idem
862 3459 982 3541 proiite·
1020 3460 1106 3523 cibus
1122 3461 1281 3539 damnatis,
1297 3461 1467 3522 cuiusmodi
1481 3471 1555 3524 sunt
1567 3478 1619 3523 xxv

378 3549 439 3624 tur,
447 3561 576 3626 eamque
593 3543 759 3606 doctrinam
775 3561 801 3606 s.
814 3544 980 3629 Augustino
1021 3543 1103 3606 Baii:
1125 3545 1233 3609 Omnia
1249 3562 1338 3626 opera
1361 3546 1534 3625 infidetirtm
1555 3555 1621 3608 sunt

379 3630 505 3707 effingit,
526 3629 596 3690 dum
614 3628 670 3688 tib.
688 3645 720 3689 ιιι
738 3628 774 3690 de
792 3628 888 3706 gratia
901 3628 982 3690 Cbri·
1017 3637 1152 3708 peecata,
1179 3638 1208 3692 et
1232 3629 1478 3708 pbilosophorum
1499 3631 1620 3692 virtutes

375 3713 437 3790 sti,
462 3729 528 3794 cap.
553 3728 585 3773 rr
610 3711 729 3772 scribit:
758 3713 825 3774 Non
851 3713 983 3792 opnoseit
1021 3720 1092 3773 sunt
1113 3712 1197 3774 oitia.
1221 3711 1295 3773 ltem
1322 3728 1375 3774 mn
1393 3712 1431 3774 ab
1456 3712 1620 3776 Alexandro

379 3797 585 3860 sanctissimus
601 3795 703 3858 doctor
725 3795 756 3856 in
782 3795 931 3857 universis
952 3813 983 3858 o-
1021 3793 1087 3856 vlit
1098 3795 1280 3876 proscripta:
1294 3797 1415 3859 Necesse
1424 3805 1466 3858 est
1476 3798 1623 3878 infidelem

379 3880 574 3960 peribossuis
588 3878 736 3941 nisidaos
751 3895 877 3954 amores,
893 3880 984 3955 Creu·
1022 3880 1057 3940 ia
1089 3881 1171 3940 omni
1195 3895 1280 3959 opere
1304 3897 1426 3958 peceare
1433 3903 1448 3954 ,·
1479 3897 1537 3942 neo
1568 3899 1623 3941 non

381 3964 457 4024 toris
475 3971 501 4024 et
518 3969 685 4039 creatorae,
698 3980 736 4025 ee
749 3979 876 4040 quoram
890 3963 983 4026 attero
1023 3963 1243 4044 propositiones
1261 3961 1414 4033 Quesneili
1433 3977 1517 4038 xum,
1537 3981 1621 4038 xxm,

382 4037 567 4118 neeesse‘est,
584 4053 616 4105 ret
631 4063 828 4124 quoecumque
841 4046 917 4108 aetio
934 4065 985 4109 ao-
1023 4063 1111 4108 xxvrn
1128 4054 1158 4108 et
1175 4065 1240 4107 xxm
1257 4046 1416 4108 damnatae
1434 4067 1452 4108 a
1474 4046 1622 4110 Clemente

382 4128 509 4192 tentetis
523 4128 654 4190 oriatur:
673 4128 723 4189 itte
738 4130 850 4191 coritas
864 4138 917 4207 est,
932 4133 985 4193 iste
1023 4128 1073 4206 xt,
1088 4147 1165 4210 quae
1180 4130 1304 4192 diversis
1319 4129 1418 4192 uerbis
1429 4129 1512 4192 idem
1526 4131 1622 4192 obtru-

1024 4212 1114 4290 dunt3
1136 4222 1199 4276 tum
1215 4212 1345 4294 denique
1363 4214 1428 4295 spei
1443 4214 1623 4276 christianae

416 4291 440 4360 (¹
473 4291 508 4354 ΙΙ»
526 4295 552 4354 ²,
565 4307 592 4359 q.
604 4295 648 4351 25,
665 4299 712 4342 ²¹⁹²·
733 4291 797 4341 Μ
811 4297 835 4344 ¹·
1024 4314 1059 4357 ae
1076 4296 1236 4358 uirtutibus
1255 4297 1416 4373 omnibus,
1439 4317 1521 4378 quae
1541 4317 1575 4360 ex
1590 4315 1619 4358 e-

383 4358 692 4492 attentanti,
706 4357 985 4494 trutinent
1024 4378 1154 4446 uun
1179 4380 1326 4462 ninere
1348 4381 1469 4462 rear
1488 4381 1620 4443 nonu.

384 4495 457 4547 istius
475 4495 585 4547 bominis
608 4494 735 4559 doctrina,
763 4511 841 4562 quarn
870 4495 919 4546 tete
942 4511 985 4546 re·
1058 4495 1096 4564 (5)
1112 4496 1148 4546 De
1164 4497 1379 4566 quopropos.ei.
1401 4497 1466 4552 Viro
1482 4498 1511 4548 iu
1527 4500 1619 4549 tbeote·

386 4563 461 4614 tettir.
1025 4567 1195 4626 oreore-atrro.
