3700 5659
400 567 462 629 ild
888 577 927 620 or
943 576 1087 622 merrom

403 675 475 736 344.
506 673 549 735 td
582 673 613 734 3.
633 669 800 752 Responsio
817 677 897 751 patet
926 687 962 729 ex
1001 669 1066 730 ideo
1080 669 1278 747 monimum,
1299 678 1447 748 quantum
1464 673 1581 737 udanle-

369 757 450 820 nodo
469 757 566 818 dictis
1002 760 1059 812 tem
1071 754 1201 827 animae,
1218 754 1314 832 mopis
1328 757 1465 817 dedemus
1481 759 1582 838 dilipere

405 841 478 902 343.
499 839 548 902 Ad·
562 841 592 900 4.
613 839 646 904 lo
666 837 896 920 temporalibuS,
919 834 963 896 uti
1003 853 1092 912 quum
1111 837 1269 914 proprium
1287 853 1394 916 murus
1413 840 1474 918 (l).
1493 840 1526 900 Et
1541 843 1583 903 hoe

370 944 431 988 nox
461 923 620 1000 dicemus,
652 924 701 998 C.;
737 922 768 982 iu
797 919 962 1001 spirituali·
1004 918 1585 1003 quidemeretrtutecamatis.tt1prae·

368 1027 436 1082 aus,
458 1009 497 1070 N.
1004 1010 1090 1082 cepto
1105 1019 1175 1062 vero
1189 1004 1321 1064 caritatis
1333 1006 1426 1065 etiam
1443 1008 1586 1085 privatim

407 1093 479 1152 343.
494 1090 538 1152 nd
550 1092 580 1151 5.
596 1090 636 1152 lle
651 1088 759 1152 Christi
775 1105 877 1149 amore
890 1103 965 1146 rou·
1005 1086 1095 1146 modo
1123 1085 1205 1163 diri,
1228 1087 1377 1148 interdum
1410 1097 1543 1149 tenentur
1563 1111 1588 1153 se

371 1175 512 1251 :edimus;
533 1173 614 1254 quia,
632 1193 700 1236 euru
720 1171 807 1234 unica
826 1171 865 1232 sit
884 1169 914 1230 iu
930 1183 965 1229 eo
1006 1169 1112 1230 mortis
1131 1170 1262 1248 periculo
1277 1189 1452 1251 exponere3
1471 1173 1521 1232 sed
1537 1176 1587 1253 epi·

371 1278 494 1322 oersona
512 1277 606 1338 eaque
630 1257 748 1332 divina,
768 1255 901 1318 Christus
922 1261 967 1312 est
984 1306 987 1343 Ι
1007 1253 1089 1332 soopi
1107 1260 1137 1313 et
1151 1263 1286 1332 pastores
1299 1256 1470 1315 animarum
1488 1256 1590 1335 insuper

370 1341 457 1420 Deus,
478 1361 536 1402 nou
555 1349 653 1404 autem
675 1341 827 1420 proximus
845 1347 965 1411 noster,
1007 1355 1046 1397 eo
1061 1338 1183 1413 speciali
1200 1355 1255 1397 arto
1272 1339 1381 1416 officio,-
1396 1347 1427 1399 et
1440 1340 1511 1399 haee
1528 1340 1589 1399 obli·

372 1425 496 1506 'deoque
511 1423 598 1486 nobis
616 1443 684 1486 eum
706 1425 856 1503 praeferre
873 1419 968 1480 debe·
1007 1419 1087 1494 gatto
1107 1427 1205 1499 potest
1222 1421 1311 1481 etiam
1331 1441 1366 1481 ex
1389 1424 1508 1483 iustitio
1524 1423 1589 1497 oriri,

371 1529 447 1570 mus.
468 1509 511 1570 Ad
532 1509 689 1587 lleiparem
708 1525 776 1568 vero
799 1504 879 1586 qnod
898 1521 968 1582 spe-
1009 1503 1128 1582 quoties
1158 1505 1321 1565 necessitas
1352 1507 1398 1566 eis
1417 1505 1592 1566 subveniendi

371 1601 450 1668 etat,
472 1591 617 1652 obiectiue
635 1598 716 1651 certe
734 1590 826 1666 magis
846 1588 972 1662 diligen·
1009 1596 1124 1662 nrgeat,
1142 1587 1223 1648 iuxta
1235 1587 1309 1648 illud
1328 1588 1440 1650 Christi
1458 1589 1501 1649 lo.
1513 1609 1538 1660 r,
1554 1592 1591 1649 ll:

372 1673 407 1736 da
424 1695 442 1736 a
457 1674 544 1736 nobis
556 1683 613 1744 est,
629 1674 701 1753 quia
713 1673 769 1753 ipsi
787 1673 862 1734 velle
882 1671 974 1731 debe-
1010 1673 1113 1732 Bonus
1127 1681 1230 1750 postor
1243 1673 1377 1734 animum
1389 1691 1479 1734 suom
1497 1674 1542 1733 dut
1552 1690 1594 1749 pre

373 1777 438 1818 mus
457 1757 571 1820 maiora
588 1758 666 1818 bona
683 1759 721 1820 oh
738 1756 841 1818 matris
861 1755 912 1815 [lei
928 1753 974 1812 di-
1011 1757 1113 1816 ouilrts
1147 1757 1221 1817 ortu.
1255 1755 1360 1825 Quoad
1388 1775 1480 1817 casus
1514 1765 1593 1816 auten

374 1841 973 1923 gnitatem,quusupracreaturasomnes
1012 1839 1182 1915 singulares
1207 1840 1325 1900 consuli
1350 1849 1480 1920 possunt
1495 1839 1595 1899 moralis

375 1926 500 1986 exaltata
522 1934 577 1986 est.
1014 1923 1182 1998 theologiae
1199 1923 1397 1985 institutores.

416 2009 488 2072 344.
509 2007 567 2072 Sed
593 2017 625 2070 ut
643 2008 702 2072 iem
725 2015 910 2070 revertamur
937 2004 975 2066 ed
1057 2007 1131 2066 345.
1150 2003 1236 2076 Quod
1254 2007 1279 2067 si
1310 2024 1348 2069 er
1366 2008 1515 2083 caritate,
1542 2023 1595 2064 run

375 2093 586 2174 propositionis
599 2102 718 2156 nostrae
729 2092 973 2164 elucidationem,
1016 2107 1092 2169 opus
1123 2090 1226 2164 inerit,
1245 2100 1383 2154 tenemur
1412 2092 1503 2152 uitam
1521 2090 1595 2168 ipsam

376 2177 509 2256 apposite
527 2177 559 2238 in
577 2177 643 2238 eius
666 2176 876 2238 enunciatione
896 2173 978 2234 odie·
1016 2173 1166 2234 interdum
1192 2193 1245 2254 pro
1263 2175 1433 2236 animarum
1453 2172 1597 2236 selutede·

377 2259 482 2320 tinius:
503 2262 536 2322 in
555 2262 658 2322 ordine
674 2261 852 2340 praesertim
869 2259 909 2320 od
926 2275 977 2317 ue·
1017 2257 1154 2336 spicere,
1182 2266 1294 2338 quanto
1315 2260 1429 2337 magis,
1450 2260 1477 2320 si
1495 2252 1599 2338 proximi

378 2351 495 2406 terream
513 2346 659 2420 sulutem,
686 2353 712 2406 et
734 2346 772 2404 od
791 2362 826 2404 eo
845 2358 918 2419 quoe
940 2341 979 2401 od
1018 2342 1100 2402 salus
1117 2351 1240 2403 aeterna
1267 2342 1297 2402 id
1328 2352 1457 2423 poseat,
1478 2341 1615 2402 debemus·
1655 2328 1657 2403 l

378 2429 501 2488 eandem
518 2424 980 2506 perducunt;siqnidemexplo-
1020 2425 1228 2505 temporalium
1257 2433 1371 2486 tantum
1405 2422 1599 2488 bonorumia·
1656 2422 1658 2503 l

379 2517 475 2569 retum
496 2518 565 2586 est,
589 2528 651 2570 non
670 2511 766 2570 solum
785 2509 902 2580 liuere,
926 2506 980 2567 sed
1020 2519 1135 2570 eturam
1155 2510 1236 2588 pati‘l
1255 2507 1390 2570 Proiecto
1405 2510 1439 2570 in
1463 2508 1547 2569 certis
1562 2523 1599 2564 re-

380 2589 529 2654 interdum
571 2612 606 2654 eu
656 2600 813 2673 praecepto
848 2590 980 2651 caritatis
1020 2611 1087 2652 rum
1103 2591 1252 2654 adiunctis
1271 2611 1341 2653 rens
1358 2611 1462 2654 eoram
1483 2593 1539 2653 lleo
1558 2588 1600 2647 le·

381 2678 557 2757 quempiam
573 2677 742 2740 teneritum
760 2677 848 2740 vitam
867 2684 982 2754 tempo·
1021 2687 1077 2750 ret,
1098 2677 1161 2755 qui,
1182 2695 1250 2736 oum
1269 2686 1380 2756 posset,
1402 2697 1441 2738 ne
1460 2675 1600 2736 detrimen·

380 2760 474 2821 ralem
491 2761 640 2841 propriam
654 2780 707 2842 pro
723 2761 818 2824 salute
833 2757 981 2840 spirituali
1023 2767 1085 2819 tum
1104 2761 1136 2819 in
1151 2760 1238 2821 bouis
1254 2760 1318 2821 suis
1337 2760 1481 2840 patiatur,
1500 2777 1530 2818 se
1544 2754 1601 2816 suh-

381 2843 508 2926 pronimi
530 2864 696 2926 exponere,
721 2855 811 2925 atque
837 2845 928 2906 etiem
946 2862 983 2903 a·
1024 2844 1156 2905 traheret
1191 2844 1229 2905 ab
1258 2845 1357 2906 aliena
1386 2847 1485 2906 salute
1512 2856 1602 2922 proru-

383 2927 512 3006 mittere3
533 2931 628 2992 multo
647 2948 715 2992 vero
733 2929 826 3005 magis
842 2947 895 3009 pro
910 2926 985 2988 alio·
1025 2927 1128 2988 rande.

383 3030 450 3072 rum
464 3014 560 3074 salute
576 3013 751 3093 temporalia
767 3011 845 3074 bona
863 3011 986 3092 prolnu-
1068 3012 1141 3071 346.
1159 3011 1196 3072 tu
1214 3012 1288 3072 haee
1304 3011 1405 3092 quoad
1423 3005 1604 3090 comparatio·

384 3093 467 3156 dere.
484 3097 525 3157 Ao
539 3096 634 3176 primo
651 3096 772 3176 quidem
789 3097 881 3158 licere
895 3103 925 3155 et
937 3113 987 3156 ex·
1025 3113 1094 3155 nem
1109 3094 1187 3156 inter
1203 3096 1354 3176 propriam
1369 3095 1462 3156 vitam
1475 3105 1604 3171 tempore-

384 3179 570 3258 pedire,imo
583 3178 831 3240 etiaminterdum
848 3183 987 3258 oportere
1026 3180 1086 3240 lem
1117 3198 1152 3240 eo
1170 3179 1346 3258 temporalia
1366 3179 1468 3257 bona,
1486 3184 1516 3239 et
1534 3174 1604 3234 ritem

385 3261 467 3322 iuxta
487 3280 591 3322 omues
609 3263 640 3322 iu
658 3271 807 3339 extremo,
828 3261 910 3324 iuxta
928 3262 986 3323 ali·
1027 3263 1213 3342 spiritualem
1251 3262 1402 3341 proximi;
1445 3259 1524 3343 quod
1551 3271 1603 3315 tert

387 3362 463 3424 qnos
483 3344 573 3407 etiem
597 3345 627 3406 in
652 3345 733 3422 gravi
760 3345 938 3405 necessitate
955 3363 988 3405 se
1028 3355 1142 3426 spectat
1172 3346 1211 3407 ad
1228 3346 1318 3406 vitam
1339 3347 1534 3426 temporalem
1550 3355 1605 3420 pru·

387 3427 492 3489 mortis
509 3429 641 3508 periente
659 3445 819 3508 exponere,
834 3445 900 3490 eum
921 3428 989 3508 quis
1029 3430 1124 3509 priam
1157 3439 1359 3510 comparatam
1383 3447 1453 3491 oum
1472 3429 1528 3488 uita
1549 3434 1605 3483 tem·

387 3509 418 3571 in
438 3519 517 3574 statu
549 3512 663 3590 gratiae
693 3512 889 3593 probabiliter
914 3531 989 3573 oon·
1030 3514 1124 3592 porali
1143 3514 1284 3589 alterius,
1303 3513 1411 3574 ceteris
1429 3512 1565 3593 paribus,
1578 3523 1606 3564 u-

387 3595 511 3658 stitutus
528 3605 584 3674 est,
605 3605 638 3660 ut
655 3615 724 3658 eum
741 3598 852 3672 salvet,
879 3596 990 3676 quiin
1030 3597 1218 3677 unoquisque
1249 3605 1368 3658 tenetur
1399 3615 1485 3657 suam
1507 3588 1607 3680 alterius

388 3687 466 3742 stetu
485 3681 605 3744 lethalis
619 3699 713 3745 noxae
731 3680 890 3761 reperitur;
904 3679 991 3741 euius
1030 3679 1108 3740 ritae
1120 3681 1280 3760 praeterre,
1302 3687 1391 3760 prout
1405 3680 1485 3741 ordo'
1498 3674 1607 3738 caritatis

388 3761 432 3826 rei
449 3764 597 3841 rationem
623 3764 746 3846 praebet
763 3763 915 3841 angelicus
935 3763 991 3824 do·
1031 3765 1173 3843 postulat3
1186 3763 1316 3844 ideoque
1332 3763 1470 3824 illicitum
1489 3763 1560 3824 esset
1568 3767 1608 3834 per

389 3854 464 3925 otor,
486 3847 647 3911 scribens:
675 3849 755 3914 Illud
777 3848 872 3927 inopie
896 3856 937 3909 est
955 3865 993 3909 eor
1032 3863 1083 3924 se,
1101 3847 1140 3908 ad
1159 3848 1285 3910 alterum
1303 3847 1485 3909 adinteritu
1513 3842 1608 3904 salvan·

389 3932 516 3994 caritate
532 3933 728 4014 diliqeodum,
746 3934 822 4011 quod
838 3933 922 3994 dedet
930 3932 994 4012 ple·¹
1032 3929 1103 3992 dnm
1118 3979 1127 4008 ,
1144 3931 1235 3993 vitam
1256 3931 1406 4012 propriam
1429 3924 1607 4010 profundere,

389 4014 504 4075 aierem
523 4018 669 4078 rationem
688 4017 843 4096 diliplltilis
860 4033 899 4078 eor
914 4016 994 4079 eori-
1032 4022 1085 4076 aut
1105 4014 1234 4076 evidenti
1252 4013 1386 4095 periculo
1397 4013 1479 4076 illius
1494 4008 1609 4075 amitten·

391 4103 462 4157 tute.
498 4098 682 4164 consociatio
715 4107 813 4162 eutem
848 4100 882 4161 in
903 4100 993 4180 pleno
1033 4097 1088 4160 dae
1104 4118 1136 4161 se
1150 4117 1310 4180 exponere.

387 4179 619 4258 participatione
637 4181 839 4260 lentitudinis,
858 4191 994 4262 quaeest
1075 4184 1148 4246 344.
1168 4181 1254 4244 Dixi:
1275 4181 1386 4245 Ceteris
1407 4181 1546 4260 witot,
1568 4173 1610 4231 ³¹¹¹

390 4261 628 4341 rotiodilipeudi
638 4266 880 4343 promimum,est
896 4269 995 4328 ntoior
1031 4285 1145 4346 per-re,
1169 4265 1313 4347 quoniam
1339 4282 1400 4325 non
1428 4264 1532 4325 desunt
1549 4252 1609 4345 mul·

390 4346 625 4428 rotiodiliqendi
632 4363 720 4424 quoru
728 4349 922 4427 participatio
930 4351 995 4411 leo-
1034 4351 1150 4431 tiplioes
1166 4349 1371 4429 exeeptiones,
1394 4348 1426 4409 in
1439 4345 1609 4427 quinosque

392 4431 533 4494 titudinis
546 4431 855 4510 pmredundontiem,
868 4449 941 4512 pune
954 4440 995 4495 est
1033 4434 1224 4496 laudabiliter
1236 4432 1383 4514 possituel
1394 4432 1484 4494 etiam
1496 4428 1609 4490 teneatur

392 4514 473 4576 rotie
492 4514 640 4595 dilipeudi
651 4513 941 4596 proprium'oorpns.
955 4518 995 4580 Et
1034 4518 1159 4582 alterius
1187 4517 1277 4580 uitam
1295 4514 1434 4597 propriae
1455 4510 1607 4595 praetorem

392 4624 472 4705 deuo,
493 4627 538 4680 red
555 4628 632 4680 etiem
648 4628 719 4698 quod
736 4631 770 4684 sit
796 4629 869 4685 nobis
885 4630 994 4700 diligen·
1606 4612 1611 4621 ⁸

393 4695 462 4747 tibus
474 4696 652 4765 propinquior.
1069 4698 1108 4768 (t)
1123 4699 1156 4764 ll,
1173 4705 1200 4764 2,
1212 4715 1239 4767 q.
1252 4703 1297 4763 2⁶,
1309 4704 1356 4751 ert.
1371 4701 1398 4750 8.
