3700 5659
368 448 408 508 bb
892 459 930 502 us
947 456 1016 502 riou

327 555 386 616 tiva
405 551 613 614 credibilitatis
632 552 764 614 humana
783 549 928 628 cognitio·
966 545 1158 610 crediderunt
1176 593 1186 624 ,
1206 554 1236 610 et
1268 546 1395 628 quidem
1430 546 1554 612 tirmiter
1570 566 1586 627 ,¹

327 658 365 706 rie
383 638 446 698 visa
465 645 495 698 ct
509 655 650 717 expensa,
671 635 749 698 idem
769 634 816 695 dic
833 635 868 695 de
881 652 930 695 ec·
968 649 1037 693 nam
1051 631 1175 694 credidit
1191 633 1342 694 Abrohom
1356 635 1436 706 Dec,
1451 641 1481 694 el
1495 650 1581 712 repu-

327 722 442 792 clesia,
465 720 592 781 naturali
618 719 728 800 pariter
757 717 928 796 cognitione
969 723 1065 777 tutem
1083 725 1127 778 est
1149 716 1196 778 illi
1218 718 1258 778 ad
1277 717 1434 778 iustitium
1451 715 1515 796 (2),
1535 725 1582 778 at-

327 824 381 886 per
399 805 450 865 illa
467 803 570 865 eadem
594 801 801 864 credibilitatis
821 802 929 863 motiva
968 817 1027 878 que
1045 798 1078 860 B.
1105 799 1258 862 Elisabeth
1278 799 1368 862 ficiem
1386 800 1586 862 commenda·

330 890 372 949 uti
391 906 459 949 vera
477 887 686 968 deprehensa3
712 905 790 967 quae
809 885 928 964 quidem
968 883 1009 944 vit
1023 881 1056 942 B.
1079 881 1206 958 Virginis
1226 883 1287 944 illis
1301 883 1407 945 verbis
1426 904 1434 944 ε
1466 886 1583 960 Beato,

330 973 431 1033 omnia
450 980 519 1032 sunt
537 971 686 1032 inductiva
701 969 737 1031 ad
754 969 853 1044 iidem,
878 967 931 1030 scd
969 983 1042 1044 quoe
1060 967 1212 1029 credidisti
1226 967 1288 1047 (3);
1310 976 1421 1030 centra
1441 987 1518 1029 vero
1537 967 1587 1028 Za·

329 1075 383 1137 per
401 1075 434 1116 sc
458 1057 522 1116 sola
550 1073 610 1116 nou
629 1053 816 1115 constituunt
841 1052 929 1114 tidem
971 1047 1101 1126 charias,
1118 1069 1154 1112 eo
1168 1051 1249 1130 quod
1264 1051 1477 1130 haesitaverit,
1496 1051 1527 1112 in
1543 1069 1587 1112 re·

331 1139 631 1217 theologicam,quae
643 1138 709 1198 sine
724 1136 931 1216 praeveniente
970 1133 1202 1213 prehensionem
1242 1143 1271 1196 ct
1308 1154 1445 1216 poenam
1488 1134 1589 1196 incur·

328 1223 465 1284 interiori
480 1223 593 1298 gratia,
614 1231 666 1282 aut
679 1220 773 1296 gratia
788 1219 888 1282 inlusa
902 1228 932 1281 el
971 1217 1011 1278 rit
1027 1217 1087 1297 (l):
1108 1236 1206 1298 neque
1229 1226 1328 1280 tamen
1349 1219 1382 1278 in
1415 1219 1467 1280 his
1489 1219 1586 1280 locum

329 1305 488 1383 habituali,
510 1305 614 1365 baberi
638 1303 762 1384 nequit,
786 1313 818 1364 ut
842 1305 932 1384 paule
973 1299 1152 1362 habuitulla
1167 1301 1313 1364 ecclesiae
1332 1303 1540 1384 propositio(
1562 1303 1586 1381 ).

327 1399 400 1451 ante
421 1387 714 1466 animadvertimus(
736 1387 762 1466 ).
973 1383 1061 1446 Fides
1070 1402 1162 1466 porro
1178 1385 1264 1462 baec,
1282 1385 1353 1448 licet
1369 1386 1550 1464 theologica
1561 1393 1588 1446 et

374 1473 449 1534 ⁹256.
469 1471 634 1533 Notandum
655 1472 686 1531 2⁰
701 1470 845 1532 ecclcsiae
861 1488 933 1550 pro·
973 1466 1076 1530 divina
1092 1467 1142 1544 sit,
1162 1477 1283 1530 nonest
1300 1478 1402 1532 tamen
1419 1469 1586 1544 catholica,

332 1557 513 1634 positionem
526 1574 591 1616 esse
600 1555 723 1635 quidem
732 1555 934 1616 conditionem
974 1550 1118 1631 quamdiu
1136 1552 1214 1614 intra
1226 1553 1300 1614 fines
1319 1554 1460 1634 privatae
1478 1554 1589 1614 revela·

329 1639 434 1718 quoad
454 1658 528 1717 nos,
550 1646 584 1700 ut
597 1639 756 1702 credamus
774 1637 805 1700 in
825 1637 934 1699 indivi-
974 1634 1064 1698 tionis
1082 1636 1229 1714 consistit,
1250 1655 1304 1698 seu
1324 1656 1383 1700 non
1397 1647 1450 1700 cst
1470 1637 1589 1700 uuiver-

327 1723 392 1784 duo
414 1723 553 1784 veritates
572 1721 609 1784 ab
637 1723 702 1804 ipsa
720 1721 887 1802 propositas
904 1721 936 1782 in
974 1717 1047 1780 salis
1066 1728 1096 1782 et
1112 1719 1282 1782 communis
1307 1722 1485 1798 omnibus,
1508 1719 1588 1801 quud

300 1810 304 1815 '
331 1807 436 1868 divina
455 1806 636 1868 revelatione
653 1805 817 1883 contineri,
844 1805 935 1866 mini·
974 1809 1075 1864 tamen
1094 1803 1131 1864 ad
1145 1803 1375 1868 catholicitatern
1399 1804 1584 1886 requiritur.

330 1911 382 1952 me
400 1910 470 1952 vero
486 1890 517 1950 in
531 1908 575 1967 se,
596 1890 682 1971 quasi
700 1908 807 1971 nempe
830 1897 936 1950 aucto·
1014 1887 1087 1950 257.
1102 1887 1215 1950 Exinde
1224 1889 1495 1970 patetdiscrimeo,
1507 1885 1586 1968 quod

328 1975 407 2036 uitas
430 1973 575 2036 ccclesiae
601 1973 638 2036 ad
656 1975 781 2036 lormale
807 1973 875 2034 fidei
906 1993 937 2034 ο-
976 1969 1135 2032 intercedit
1155 1971 1235 2033 iuter
1267 1971 1358 2034 fidem
1378 1972 1588 2050 theologicam

338 2059 468 2120 biectum
499 2066 663 2140 spectaret,
687 2058 769 2139 quod
790 2077 850 2118 non
871 2068 934 2134 est,
976 2072 1031 2116 seu
1049 2054 1198 2132 divinam,
1226 2062 1256 2117 et
1277 2055 1365 2118 tidem
1388 2056 1586 2126 catholicam,

331 2141 393 2204 nisi
409 2145 505 2224 prima
522 2143 651 2219 veritas,
671 2150 704 2203 ut
722 2142 862 2218 vidimus,
883 2161 937 2203 seu
977 2137 1057 2218 quod
1076 2139 1173 2200 omnis
1193 2138 1266 2202 sides
1280 2141 1429 2203 catholica
1444 2141 1488 2203 sit
1503 2140 1585 2202 tbeo-

331 2227 500 2287 auctoritas
517 2225 569 2286 llci
588 2226 748 2287 revelantis
762 2246 770 2300 ;
792 2244 847 2287 nec
870 2244 938 2286 cre·
977 2221 1074 2298 logica
1086 2231 1115 2284 et
1130 2222 1241 2300 divina,
1258 2241 1318 2284 non
1330 2242 1401 2287 vero
1417 2223 1525 2286 omnis
1540 2221 1588 2282 di-

332 2309 417 2370 ditur
431 2308 589 2386 ecclesiae,
603 2308 660 2370 nisi
673 2309 744 2388 quia
762 2308 841 2370 Deris
857 2327 941 2368 reve·
977 2305 1046 2368 vina
1064 2314 1094 2368 et
1113 2306 1279 2384 theologica
1297 2307 1371 2370 tides
1390 2309 1431 2370 sit
1452 2304 1586 2370 catholi-

338 2393 422 2468 lavit,
438 2392 483 2453 illi
516 2391 697 2454 credendum
721 2410 798 2452 esse.
830 2391 871 2452 Ev
893 2392 940 2452 his
978 2407 1024 2450 ca.
1044 2388 1160 2452 Adhuc
1180 2391 1284 2467 enim,
1304 2399 1337 2452 ut
1360 2393 1399 2454 sit
1417 2391 1583 2464 catholica,

337 2485 431 2555 patet,
447 2476 584 2538 ultimam
602 2474 724 2536 demum
742 2475 811 2536 fidei
825 2475 942 2536 resolu-
979 2491 1103 2536 necesse
1122 2481 1189 2550 est,
1210 2481 1244 2536 ul
1262 2474 1299 2536 ab
1319 2476 1477 2554 ecclesia,
1508 2483 1584 2540 tam·

340 2559 498 2622 tionemad
514 2558 607 2620 Deum
624 2577 771 2621 summam
784 2558 939 2620 veritatem
979 2575 1067 2636 quam
1102 2559 1206 2634 regula
1242 2558 1401 2640 proxima,
1434 2555 1587 2623 credenda

241 2697 243 2700 .
336 2644 497 2720 resarciet
512 2642 543 2703 in
558 2643 610 2705 illc
626 2643 829 2724 acquiescere.
850 2643 941 2704 Acce·
979 2649 1176 2721 proponatur.
1204 2640 1355 2712 Quamdiu
1377 2663 1450 2706 vero
1475 2643 1515 2708 ah
1535 2658 1585 2702 ec-

338 2727 407 2806 clit,
432 2727 514 2808 quod
544 2727 582 2788 ad
606 2727 695 2788 sidem
727 2726 856 2787 divinam
887 2745 941 2787 seu
979 2723 1205 2806 etesia-aliquid
1223 2726 1313 2788 etiam
1331 2727 1477 2790 divinitus
1500 2742 1585 2788 reve·

340 2813 539 2890 theologicam
553 2811 859 2874 haudessentialissit
874 2829 942 2891 pro·
980 2807 1074 2870 latum
1099 2807 1280 2872 credendum
1302 2830 1362 2874 non
1391 2810 1583 2894 proponitur,

340 2897 448 2975 positio
464 2896 622 2970 ecclesiae,
636 2905 669 2958 ut
683 2904 764 2976 patet
778 2914 813 2958 ex
827 2895 944 2956 revela·
981 2909 1069 2954 nemo
1086 2899 1205 2955 tenetur
1216 2895 1378 2958 ostentanti
1393 2896 1526 2977 privatas
1541 2909 1585 2952 re·
1663 2927 1664 2980 q

340 2976 473 3041 tionibus
488 2980 620 3060 privatis.
632 2977 688 3049 Qui
706 2980 785 3040 enim
798 2998 849 3040 eas
861 2987 942 3040 certo
981 2975 1147 3039 velationes
1166 2974 1301 3040 credere.
1321 2978 1383 3041 lam
1402 2999 1475 3042 vero
1492 2976 1587 3041 eccle·
1663 2987 1664 2998 ¹

341 3063 463 3141 habent,
480 3072 620 3124 tenentur
638 3063 699 3124 Deo
724 3062 783 3124 sibi
807 3061 943 3142 loquenti
982 3059 1027 3121 sia
1049 3059 1125 3122 nihil
1143 3061 1325 3124 credendum
1345 3065 1510 3144 proponit,
1529 3056 1583 3122 uisi

340 3147 479 3207 assentiri
495 3145 662 3223 firmafide,
678 3153 711 3206 ut
726 3155 892 3206 constater
907 3145 945 3206 h·
983 3142 1065 3222 quod
1082 3144 1113 3204 in
1131 3145 1226 3207 sacris
1248 3145 1334 3208 libris
1352 3155 1382 3208 el
1404 3147 1506 3210 divina
1524 3154 1585 3206 tra·

341 3229 478 3306 braham,
500 3229 664 3309 prophetis,
684 3247 720 3290 ao
739 3229 804 3309 ipsa
818 3227 852 3288 B.
873 3227 943 3288 Vir·
984 3225 1100 3289 ditione
1114 3229 1296 3292 continetur.
1320 3229 1440 3294 Ceteras
1469 3229 1584 3293 revela·

340 3312 421 3391 gine,
443 3313 495 3394 qui
513 3311 574 3374 Deo
593 3311 708 3394 aliquid
725 3311 868 3373 revelanti
886 3311 946 3372 sibi
985 3309 1084 3373 tiones
1106 3311 1236 3394 privatas
1266 3314 1416 3378 interdum
1439 3312 1586 3398 approbat

376 3442 831 3512 (ilci.Suarea,disp.tl,sect.l0,u
851 3441 945 3502 lb,ubi
984 3451 1014 3494 ut
1030 3459 1045 3493 a
1063 3443 1161 3511 Spiritu
1179 3462 1201 3498 s.
1220 3447 1342 3513 regitur,
1366 3455 1488 3514 tanquam
1503 3440 1585 3513 proxi·

345 3513 473 3577 ostendit,
496 3511 573 3564 fidem
590 3528 641 3563 non
664 3511 759 3563 resolvi
777 3510 880 3562 taudem
898 3509 946 3560 ali·
984 3526 1025 3562 ma
1042 3519 1069 3562 et
1095 3511 1224 3564 sufficiens
1243 3515 1334 3581 regula
1355 3513 1501 3578 credendi,
1525 3509 1584 3578 quia

342 3582 445 3646 cquando
463 3581 490 3631 iu
512 3580 689 3632 auctoritatem
708 3578 846 3630 humanam
864 3577 946 3628 eccle·
986 3595 1036 3630 raon
1055 3589 1160 3646 possunt
1177 3579 1265 3632 fideles
1288 3597 1375 3632 ornnes
1392 3581 1536 3633 doctrinam
1557 3575 1586 3626 fi·

341 3651 404 3712 siue,
428 3665 476 3702 nee
496 3649 589 3700 resolvi
607 3648 750 3700 secundum
768 3663 794 3698 se
817 3654 945 3712 surnptanr
985 3645 1027 3696 dei
1047 3662 1133 3714 perse
1150 3647 1309 3716 supendere,
1330 3657 1376 3702 aut
1391 3665 1495 3718 semper
1516 3660 1585 3699 resc-

343 3719 368 3766 in
387 3716 565 3769 auctoritatem
576 3715 689 3767 divinam
701 3715 834 3776 ecclesiae,
853 3712 946 3763 resolvi
986 3713 1108 3766 tutionem
1127 3713 1210 3768 iacere
1228 3716 1254 3766 iu
1272 3719 1450 3769 auctoritatem
1474 3716 1585 3768 divinem

342 3793 427 3836 tamen
447 3788 472 3837 iu
491 3783 561 3834 illam
579 3782 664 3852 quoad
683 3799 739 3843 nos,
757 3781 881 3849 implicite
905 3789 946 3831 tu-
985 3797 1105 3848 expsssse
1122 3783 1270 3851 cogitatam,
1285 3800 1351 3850 qnae
1368 3786 1444 3836 nimis
1461 3783 1588 3837 excellens

344 3867 402 3902 arven
420 3854 446 3903 in
465 3850 579 3902 divinam
596 3851 774 3902 auctoritatem
793 3865 894 3916 semper
906 3864 947 3898 rc·
985 3857 1035 3899 ets
1055 3849 1164 3901 iritualis
1181 3859 1228 3902 est.
1243 3850 1355 3902 Ecclesia
1372 3863 1457 3904 autern
1475 3863 1512 3904 est
1530 3862 1586 3900 seu·

342 3919 416 3969 solvi.
433 3942 444 3964 «
458 3917 522 3970 Nam
535 3919 544 3983 (
558 3927 586 3968 ut
605 3919 658 3984 ipse
676 3917 782 3982 scribit)
806 3917 868 3968 licet
891 3932 948 3966 crc-
986 3865 1068 3967 sibifis
1085 3919 1194 3985 regula,
1217 3935 1293 3986 quam
1313 3919 1415 3972 lucilius
1431 3919 1542 3971 audiunt
1562 3921 1587 3962 ct

345 3985 437 4036 damus
454 3985 576 4036 ecclesiae
593 3984 742 4045 definienti,
759 3986 780 4034 ei
806 3983 948 4049 interrogo·
987 3985 1151 4051 percipiuut3
1174 3985 1201 4036 in
1231 3987 1275 4037 ille
1304 3995 1388 4040 taurea
1411 3988 1586 4040 auctoritatem

345 4069 480 4114 mua-cur
497 4051 534 4102 ilii
553 4051 703 4114 credamus,
722 4049 946 4116 respondebimuss
988 4051 1101 4102 divinam
1120 4053 1193 4120 qnasi
1213 4052 1360 4121 loquentem
1379 4063 1537 4122 supponunt,
1563 4054 1587 4096 el

343 4119 411 4184 viis
430 4118 509 4170 habet
526 4118 686 4170 infallibilem
704 4119 871 4168 assistentiam
888 4117 948 4182 Spi-
988 4119 1022 4170 ita
1040 4118 1165 4186 implicite
1183 4121 1271 4174 saltem
1289 4139 1361 4173 suam
1378 4123 1455 4174 fidem
1467 4123 1495 4174 iu
1507 4122 1588 4174 Deum

344 4189 412 4239 ritus
429 4186 526 4249 serveti3
545 4195 571 4236 et
590 4188 611 4236 si
638 4188 731 4237 iterum
749 4188 948 4252 interrogemur,
988 4186 1156 4238 resolvunt..

344 4272 393 4306 cur
410 4255 458 4306 hoc
470 4253 617 4315 credamus,
638 4252 858 4321 respondebimus:
882 4253 949 4316 Quia
1022 4254 1060 4320 (Ξ)
1074 4255 1145 4308 Rern.
1160 4253 1203 4316 lv,
1217 4259 1243 4306 ὅ.

344 4323 415 4374 lleus
444 4321 593 4382 revelavit,
617 4321 658 4373 cui
689 4319 820 4371 credimus
845 4329 950 4386 propter
1024 4321 1139 4388 (bibus.
1160 4322 1241 4384 bird.

344 4391 523 4441 auctoritatem
542 4404 625 4450 suam,
644 4405 694 4440 non
708 4397 812 4456 propter
828 4387 950 4438 eeclesiae
1025 4389 1063 4453 (t)
1078 4388 1144 4441 lbid.
1160 4407 1184 4440 v.
1198 4393 1241 4442 ΞΟ.

346 4459 548 4519 auctoritatem,
578 4457 638 4506 licet
656 4459 709 4522 ipsa
735 4455 807 4505 uobis
825 4463 950 4520 proponat
1024 4457 1234 4524 (blssi.Susv·cu,
1254 4455 1323 4525 disp.
1344 4462 1370 4521 5,
1393 4456 1587 4522 seet.t0,n.b‚

344 4524 482 4590 ipsummet
499 4523 682 4575 revelationem
701 4523 759 4573 Dei.
778 4521 950 4574 Nihilominus
989 4539 1062 4592 seqq.

344 4600 431 4644 tamen
449 4592 534 4660 quoad
553 4608 598 4644 nos
615 4591 744 4660 proposita
768 4599 805 4641 est
826 4589 949 4653 ccclesia,
