3700 5659
785 543 880 587 orror
898 543 942 587 ιν.
1385 533 1459 595 ιθτ

237 638 435 717 aeternitate,
466 656 554 718 quam
581 653 702 717 sperare
723 643 846 715 possunt
888 636 1018 714 theologi
1028 635 1234 719 quaestionem
1248 637 1373 718 agitare,
1384 649 1488 705 uuum

238 724 340 803 boati,
361 741 451 804 quam
470 722 620 782 inficiatur
639 729 777 800 respectu
792 738 847 780 eo·
888 722 982 801 possit
1001 722 1032 782 in
1050 741 1086 783 eo
1105 741 1174 803 spes
1189 741 1267 801 esse,
1282 743 1316 785 ac
1331 734 1492 807 propterea

239 829 312 872 rum
332 805 462 888 spectari
481 823 570 886 posse
596 812 736 884 tanquam
763 804 847 864 tutu-
888 806 983 866 teneri
1011 806 1108 866 adbuc
1125 806 1307 883 obligatione
1324 810 1487 890 sperandi,

239 912 323 970 ram,
341 910 409 952 cum
428 890 606 971 participent
620 888 657 950 de
672 888 848 949 aeternitate
888 889 936 949 cui
963 890 1041 951 lacta
1068 897 1148 951 esset
1171 891 1268 953 alteo
1287 893 1430 956 revelatio
1453 896 1492 957 de

240 978 343 1058 ipsius
361 975 426 1052 Dei,
447 974 477 1034 in
494 993 553 1054 qua
570 991 630 1034 non
649 981 695 1033 est
710 972 787 1033 ratio
804 971 849 1031 lu·
888 981 970 1033 certa
988 973 1054 1035 eius
1071 974 1170 1036 lutura
1189 974 1392 1039 damnatione.
1412 976 1492 1049 Quid

241 1061 330 1122 turi:
362 1060 425 1121 siue
443 1076 478 1119 ex
506 1076 559 1139 spe
587 1055 781 1118 beatitudinis
797 1073 847 1116 re·
888 1056 925 1117 de
943 1057 998 1118 bac
1014 1058 1201 1138 hypothetica
1223 1060 1401 1140 quaestione
1417 1081 1492 1125 seu-

240 1153 353 1227 spectu
372 1143 512 1220 aliorum,
538 1159 627 1221 quam
646 1140 703 1202 etsi
727 1158 849 1222 sperare
888 1141 1020 1202 tiendum
1035 1142 1229 1204 verisimilius
1243 1143 1488 1222 nobisrideatur,

241 1228 381 1310 possint,
403 1245 463 1287 non
483 1234 583 1288 tamen
598 1243 632 1287 ex
644 1225 753 1286 virtute
771 1224 847 1305 spei,
889 1225 1078 1288 commodius
1095 1225 1221 1288 inferius
1239 1227 1375 1290 dicemus
1391 1277 1400 1306 ,
1421 1250 1490 1292 cum

241 1313 299 1375 sed
316 1311 412 1390 magis
437 1327 472 1371 er
490 1327 593 1372 amore
611 1308 762 1372 caritatis:
787 1308 849 1369 sive
888 1327 997 1389 nempe
1017 1310 1106 1372 nobis
1123 1329 1222 1373 sermo
1244 1311 1302 1374 erit
1327 1311 1365 1375 de
1382 1313 1493 1397 despe-

242 1396 382 1476 denique
401 1413 436 1456 ex
455 1413 508 1475 spe
525 1394 619 1456 relate
634 1392 672 1454 ad
690 1391 850 1454 beatitudi·
888 1393 1018 1456 ratione.

242 1500 316 1544 nem
337 1477 495 1560 corporis,
529 1486 591 1540 tum
621 1476 692 1558 quia
715 1475 849 1557 corporis

241 1565 344 1643 gloria
362 1571 500 1644 respectu
521 1561 633 1641 gloriae
652 1560 771 1622 animae
790 1559 849 1621 mi·
1090 1567 1219 1628 curun·
1232 1571 1289 1630 Π.

243 1651 365 1711 nimum
385 1646 528 1728 quiddam
548 1653 614 1723 est,
635 1653 696 1707 tum
716 1644 850 1726 qniaba·
992 1695 1031 1742 BE
1052 1695 1306 1745 pnopnmmmus
1327 1697 1393 1747 sm

244 1735 324 1796 bens
339 1732 465 1811 gloriam
481 1731 599 1793 animae
613 1729 705 1791 babet
721 1729 780 1791 iam
793 1727 852 1789 sul·

244 1819 401 1879 ficientcm
437 1833 558 1878 causam
596 1814 709 1893 gloriae
741 1831 850 1895 corpo·
935 1815 987 1876 57.
1017 1814 1295 1896 Duaepraecipuae
1325 1824 1397 1878 suut
1431 1818 1496 1899 spei

243 1904 289 1965 ris
306 1903 369 1982 (l).
893 1899 1075 1961 christianae
1094 1900 1309 1980 proprietates,
1326 1899 1394 1962 eius
1410 1901 1497 1963 ride-

290 1987 346 2047 55.
366 1982 415 2046 Sic
439 1981 528 2044 ctiam
552 2001 587 2044 ex
608 1981 725 2044 delectu
745 1980 851 2042 condi·
893 1983 964 2044 licet
985 1983 1111 2044 firmitas
1130 2001 1166 2044 ac
1184 1984 1344 2061 certitudo,
1362 2003 1417 2046 nec
1436 1998 1509 2046 non*

245 2069 379 2146 tionum,
390 2066 851 2149 quaeadconstituendam'spem
893 2067 1027 2128 eiusdem
1043 2067 1219 2128 necessitas.
1239 2067 1281 2128 lle
1296 2076 1424 2148 utraque
1436 2069 1498 2129 siu·

245 2153 459 2234 requiruntur,
474 2160 566 2232 patet,
579 2151 683 2212 eadem
697 2149 853 2212 damnatos
893 2151 1017 2228 gillatim
1034 2150 1160 2232 proinde
1177 2150 1266 2212 nobis
1280 2160 1326 2214 est
1342 2151 1497 2214 disseren-

246 2239 372 2320 pcnitus
390 2254 504 2298 carere.
520 2235 614 2297 Debet
628 2235 708 2297 eninr
725 2253 793 2316 spes
808 2252 854 2296 cs·
894 2235 977 2296 dum.
997 2234 1070 2297 Cum
1088 2253 1160 2296 uero
1188 2235 1305 2298 firmam
1323 2244 1499 2318 certamque

246 2341 281 2384 se
301 2322 339 2383 de
359 2322 439 2383 bono
451 2319 587 2400 possibili
606 2330 636 2381 ct
654 2320 768 2397 luturo;
786 2337 854 2400 por·
894 2338 977 2400 spem
995 2319 1181 2396 asserimus,
1210 2319 1339 2399 intelligi
1360 2319 1392 2381 id
1410 2320 1501 2399 debet

247 2425 284 2468 ro
304 2405 440 2468 damnati
463 2421 517 2485 pro
547 2411 628 2466 certo
648 2404 783 2480 babent,
821 2421 854 2465 se
895 2404 999 2486 despe
1018 2404 1097 2465 inse
1116 2412 1256 2485 sumpta,
1286 2423 1340 2466 seu
1361 2423 1397 2466 ex
1414 2416 1500 2486 parte

246 2509 405 2571 uunquam
441 2488 479 2550 ad
516 2487 730 2550 beatitudinem
766 2505 854 2568 posse
895 2487 949 2550 Dei
963 2496 993 2550 et
1007 2488 1200 2566 motirorum,
1217 2488 1330 2570 quibus
1347 2488 1498 2566 inuititur3

248 2574 421 2656 peruenire,
436 2591 503 2634 cum
520 2579 718 2650 cognoscant,
742 2589 855 2652 poenas
895 2592 965 2634 narn
984 2592 1020 2634 ex
1035 2581 1120 2654 parte
1137 2582 1251 2650 nostra,
1271 2591 1340 2635 cum
1354 2573 1503 2636 conditio-

250 2678 323 2722 suas
340 2659 405 2720 sore
424 2665 596 2739 perpetuas3
610 2676 645 2718 ac
657 2655 783 2738 proinde
798 2674 853 2718 ne·
895 2666 967 2718 nata
985 2658 1044 2735 sit,
1079 2657 1208 2718 deficere
1233 2657 1384 2720 interdum
1404 2666 1504 2740 potest

249 2752 461 2824 queuntspem
471 2741 628 2822 concipere
640 2741 677 2802 de
693 2740 772 2802 bono
788 2759 856 2822 pos·
896 2740 1015 2802 delectu
1034 2741 1241 2802 conditionum
1272 2760 1307 2803 ex
1326 2750 1411 2823 parte
1430 2760 1502 2822 spe7

250 2828 336 2890 sibili
359 2846 395 2889 ac
419 2827 530 2887 luturo.
551 2825 595 2887 lta
616 2825 705 2888 ctiam
725 2843 751 2885 s.
771 2823 855 2885 Tho·
895 2825 1002 2886 rantis.
1023 2823 1109 2895 Quod
1130 2843 1201 2886 uero
1226 2825 1332 2886 attinet
1353 2825 1391 2886 ad
1417 2826 1503 2886 cius-

249 2931 330 2988 mas,
350 2911 403 2991 qui
420 2910 457 2972 de
475 2910 617 2985 diabolo,
645 2909 853 2970 damnatorum
896 2909 963 2970 dem
973 2907 1193 2985 necessitatem,
1207 2908 1382 2970 omnimoda
1396 2927 1432 2970 ea
1444 2918 1501 2985 est,

249 2996 401 3078 principe,
420 2992 853 3073 intelligitverbalobxv,22:
896 2994 1001 3054 saltem
1018 2992 1117 3073 quoad
1135 2992 1275 3070 adultos,
1309 2999 1373 3054 tum
1395 2993 1499 3070 medii,

251 3083 323 3146 Non
347 3082 458 3156 credit,
490 3080 566 3158 qood
584 3078 694 3140 roverti
710 3079 802 3157 possit
821 3080 856 3140 dc
896 3085 960 3138 tum
979 3077 1148 3157 praecepti,
1166 3077 1227 3137 sive
1237 3077 1336 3157 quoad
1352 3075 1502 3153 habitum,

252 3166 385 3228 tenebris
402 3165 441 3227 ad
456 3166 549 3226 lucem
561 3162 622 3243 (l).
642 3160 746 3223 llerito
765 3161 857 3238 igitur
896 3161 959 3222 sive
977 3161 1078 3241 quoad
1097 3169 1210 3222 actum.
1231 3161 1273 3222 lie
1289 3168 1417 3240 utraque
1437 3180 1507 3241 pro-

252 3249 397 3311 damuata
415 3257 461 3310 est
477 3246 729 3320 misericordium,
750 3264 803 3307 scu
819 3243 857 3308 0-
899 3245 1028 3326 prietate
1066 3245 1216 3308 distinctis
1248 3246 1385 3309 articulis
1416 3263 1507 3325 agere

251 3333 368 3412 rigcnis
390 3333 516 3413 eiusque
538 3332 720 3394 asseclarum
742 3329 856 3392 doctri·
898 3328 1123 3394 constituimus.

252 3438 304 3496 na,
325 3417 378 3498 qui
406 3424 614 3493 autumarent,
647 3414 856 3476 damnatorum

252 3501 476 3583 poenasfinem
502 3499 664 3581 aliquando
687 3499 855 3576 habituras,
1091 3568 1096 3576 ¹
1134 3479 1200 3580 Afl·
1226 3479 1251 3581 ¹⁰.
1316 3569 1354 3584 ..

253 3587 386 3666 ideoque
403 3604 486 3666 spem
505 3585 565 3646 illis
584 3582 799 3645 concedebant.
816 3583 858 3644 De
981 3564 1020 3616 ⁰⁶
1036 3568 1179 3614 ⁶“‘²¹“l¹¹l⁶
1201 3581 1250 3628 ope·
1268 3568 1425 3621 ΝΜ·

254 3670 380 3752 quibus,
397 3687 450 3731 scu
467 3669 566 3750 potius
581 3669 617 3730 de
635 3665 762 3744 Origene
779 3667 858 3728 scri·
942 3664 995 3725 58.
1013 3662 1073 3725 Hac
1092 3663 1124 3725 in
1154 3683 1188 3725 re
1207 3669 1345 3745 quaestio
1370 3677 1510 3730 movetur

254 3755 315 3837 psit
333 3773 359 3816 s.
376 3754 576 3831 Augustinus,
596 3771 666 3814 eum
686 3751 860 3813 misericor·
899 3747 979 3810 inter
997 3749 1166 3809 catholicos
1184 3758 1216 3810 et
1228 3757 1429 3831 protestantes
1447 3771 1507 3814 non

255 3841 373 3900 diorem
404 3839 513 3917 luisse,
551 3855 641 3918 quam
666 3835 802 3897 deceret:
820 3837 860 3899 Et
900 3832 960 3894 iam
974 3833 1010 3893 de
1023 3833 1203 3894 certitudine
1214 3852 1249 3894 ac
1260 3835 1412 3914 firmitate,
1429 3854 1509 3916 quae

256 3933 340 3986 tanto
355 3924 510 3985 irruentum
527 3938 633 3984 maore
651 3921 814 4001 defecatius
834 3929 860 3982 et
901 3935 936 3978 ex
954 3925 1037 3998 parte
1054 3916 1106 3977 liei
1127 3918 1265 3979 inhaeret
1279 3918 1344 3999 spei
1363 3919 1507 3982 cbristia-

256 4017 365 4070 contro
382 4017 461 4070 recto
488 4007 543 4068 Dei
564 4006 652 4068 uerbo
667 4005 859 4084 perversior,
901 4020 978 4077 nae,
997 4001 1050 4062 sed
1072 4001 1109 4062 de
1128 4019 1164 4063 ea
1194 4021 1273 4082 quae
1294 4011 1341 4064 est
1357 4022 1392 4065 ex
1424 4012 1511 4086 parte

257 4101 369 4173 qoonto
382 4092 439 4154 sibi
460 4091 582 4154 uidetur
605 4089 718 4152 sentiro
734 4089 861 4151 clamen·
902 4095 1016 4147 nostra.
1035 4084 1224 4147 contendunt
1238 4086 1319 4148 enim
1335 4097 1508 4167 novatores,

257 4179 317 4240 tius
334 4176 396 4257 (3).
902 4189 963 4231 nou
993 4169 1094 4232 minus
1122 4180 1235 4232 certam
1267 4189 1335 4234 esse
1359 4191 1443 4255 sporn
1470 4191 1508 4234 ex

300 4262 354 4322 56.
375 4261 473 4340 Atque
485 4258 560 4319 hacc
576 4256 697 4339 quidem
716 4263 782 4318 rata
794 4263 865 4318 sunt
903 4263 988 4335 parte
1005 4263 1123 4332 nostra,
1140 4274 1231 4335 quam
1246 4255 1286 4317 sit
1296 4275 1332 4318 ex
1344 4268 1428 4337 parte
1439 4256 1505 4318 liei.

259 4345 338 4426 apud
358 4363 475 4405 omnes.
503 4343 546 4404 Ex
574 4343 732 4404 occasione
764 4349 864 4402 tamen
904 4337 1070 4419 Siquidem,
1086 4357 1155 4400 cum
1170 4339 1227 4420 ipsi
1238 4339 1512 4420 excludantquam-

260 4429 353 4490 buius
367 4427 555 4505 argumenti,
575 4426 655 4507 quod
674 4433 720 4486 est
734 4423 771 4484 de
789 4425 865 4485 sub·
905 4441 1036 4503 cumque
1055 4422 1202 4484 bonorum
1223 4441 1347 4505 operum
1374 4423 1511 4484 necessi-

259 4513 338 4575 iecto
360 4513 436 4594 spei,
463 4517 682 4574 consueverunt
701 4527 761 4570 non
778 4509 865 4591 pauci
906 4515 996 4569 tatem
1016 4506 1054 4569 ad
1081 4508 1232 4586 salntem,
1257 4506 1400 4586 inferunt,
1424 4524 1510 4589 spem

941 4625 980 4689 (2)
998 4622 1032 4685 ll,
1051 4626 1079 4684 2,
1090 4639 1117 4688 q.
1133 4625 1176 4684 ta,
1194 4627 1245 4672 art.
1258 4624 1284 4671 5.

294 4695 332 4765 ll)
346 4695 379 4760 ll,
399 4700 425 4760 2,
443 4712 470 4763 q.
485 4700 529 4759 18,
547 4702 596 4745 art.
615 4697 643 4748 2.
940 4692 980 4759 lb)
999 4693 1035 4741 Dc
1052 4695 1149 4741 civitate
1161 4692 1217 4751 Dei,
1235 4687 1282 4739 lib.
1296 4691 1341 4749 2l,
1354 4701 1411 4755 cup.
1432 4689 1477 4737 lli.
