3700 5659
420 510 484 574 288
908 520 947 565 ns
963 519 1108 565 enarrare

381 633 433 690 clu
447 619 564 696 tuo,io
581 627 710 698 tompore
728 615 846 698 [ureris
864 615 909 680 tui
926 616 984 677 ab·
1026 610 1179 694 prophetis
1211 608 1308 692 iniqui
1330 617 1360 673 et
1382 610 1502 674 inimici
1526 611 1639 676 dicun*-

381 718 467 772 μην)
483 707 537 767 eta.
555 703 645 782 Ergo.
1027 707 1077 757 tur
1093 695 1163 757 odio
1183 695 1314 757 habendi
1332 705 1406 772 etc,
1428 698 1483 773 B.;
1520 707 1560 758 ut
1591 699 1640 761 llei

424 789 497 852 383.
512 786 603 866 hosp.
617 785 775 864 Neptu.
788 781 874 845 hdl.
892 779 982 862 prob.
1027 780 1146 853 hostes,
1164 788 1195 841 et
1215 787 1304 859 prout
1325 779 1498 841 formaliter
1521 779 1640 843 inimici

386 877 422 940 b.
451 873 525 934 llssc
554 867 777 931 interficiendos
812 864 987 928 amalecitas
1028 872 1109 938 sunt,
1130 864 1181 938 G.;
1203 881 1257 943 per
1271 881 1316 939 se,
1334 865 1372 925 N.
1392 861 1423 924 Si
1439 863 1561 940 singuli
1580 882 1641 943 pcr-

384 959 423 1020 ab
457 953 597 1016 hebraeis
628 963 661 1014 ut
693 949 839 1013 ministris
869 947 988 1008 divinae
1029 955 1190 1008 currantur
1208 945 1320 1007 obiecti
1338 954 1435 1007 textus
1462 948 1589 1026 aliique
1611 967 1640 1008 e-

384 1039 520 1114 ultionis,
552 1038 602 1109 C.‚
622 1053 689 1098 esse
719 1033 787 1095 odio
818 1030 986 1107 habendos,
1029 1029 1160 1091 iusmodi
1183 1048 1243 1090 non
1262 1030 1361 1109 pauci,
1382 1029 1521 1110 patebit,
1545 1030 1641 1091 iustos

385 1122 517 1194 N.Quae
528 1120 586 1180 duo
599 1120 682 1180 valde
694 1119 772 1180 inter
786 1135 819 1178 se
835 1115 987 1188 uiderunt,
1031 1132 1091 1174 non
1108 1113 1284 1194 expetivisse
1311 1121 1415 1174 contra
1440 1112 1561 1194 impios
1588 1115 1640 1174 nisi

385 1217 419 1270 ut
437 1215 516 1287 patet
533 1222 568 1266 es
587 1203 697 1278 iudeo,
716 1201 816 1281 quiin
835 1217 904 1260 reos
921 1215 991 1259 sen·
1031 1216 1168 1277 poenas,
1189 1215 1243 1258 seu
1263 1197 1342 1258 mala
1365 1197 1574 1276 temporalia,
1594 1208 1640 1258 aut

386 1291 511 1354 lentiam
533 1287 624 1364 dicit,
645 1296 736 1366 atque
755 1303 790 1346 ex
810 1282 869 1357 iis,
890 1281 989 1360 quiin
1031 1281 1063 1342 in
1082 1280 1187 1341 ordine
1206 1279 1244 1341 ad
1262 1297 1366 1341 eorum
1380 1281 1638 1359 resipiscentiam,

387 1374 557 1438 belloiuslo
574 1371 676 1432 hostes
691 1367 842 1444 occidunt,
863 1365 936 1445 quin
952 1384 989 1426 o·
1032 1373 1085 1425 ant
1102 1364 1133 1424 in
1152 1363 1312 1424 vindictam
1342 1366 1529 1425 ollensarum
1571 1363 1637 1436 Dei,

387 1459 437 1520 dio
458 1458 599 1518 habeant.
1033 1456 1085 1508 aut
1104 1447 1147 1507 uti
1165 1447 1197 1507 in
1213 1446 1519 1523 formalesinimicos,
1539 1465 1598 1508 sen
1613 1458 1640 1511 ut

430 1541 503 1602 383.
525 1537 570 1598 hd
587 1535 619 1596 3.
640 1538 678 1598 D.
708 1533 792 1595 quta
814 1540 991 1613 praeposta·
1033 1539 1218 1611 peccatores;
1235 1530 1522 1610 qnandoqneetiam
1541 1530 1642 1591 istius·

388 1641 452 1686 ram
465 1617 990 1702 pharisaeoruminterpretationem,
1035 1614 1117 1675 modi
1139 1614 1218 1675 mala
1239 1615 1420 1676 incurrenda
1430 1613 1507 1695 ipsis
1518 1615 1647 1695 praedi·-

391 1709 441 1783 Ga
462 1706 490 1765 vi
521 1704 606 1780 legia,
626 1705 665 1766 N.
689 1701 863 1763 Communis
886 1700 993 1777 magis·
1035 1699 1114 1759 risse
1133 1698 1176 1758 uti
1195 1698 1367 1778 propbetas

390 1809 449 1870 que
474 1797 594 1867 recepta
617 1786 813 1864 interpretum
846 1783 995 1845 sententia
1080 1783 1153 1842 385.
1178 1781 1250 1842 lnst.
1272 1783 1303 1841 l·
1321 1780 1354 1840 ln
1372 1799 1449 1842 nova
1466 1779 1551 1856 lege,
1574 1781 1640 1842 dum

390 1885 447 1947 est,
461 1871 552 1947 illud,
569 1872 607 1933 bt
622 1871 689 1932 odio
707 1869 823 1931 hebebis
838 1868 995 1928 inimicum
1037 1864 1173 1926 Christus
1188 1863 1289 1925 llatth.
1314 1881 1345 1936 v,
1366 1865 1408 1924 lt
1422 1865 1475 1925 ait:
1497 1867 1570 1945 Epo
1588 1885 1641 1925 au-

392 1966 490 2032 tuum,
510 1954 591 2034 quod
611 1953 641 2013 in
660 1954 725 2030 lege
751 1970 809 2012 non
833 1951 994 2023 inuenitur,
1038 1958 1095 2010 tem
1113 1949 1178 2010 dico
1195 1949 1288 2010 vobis:
1305 1949 1426 2027 Dilipitc
1440 1949 1586 2010 inimicos
1596 1968 1641 2010 oc·

393 2039 488 2100 luisse
500 2040 544 2098 vel
563 2037 799 2097 additamentum
819 2035 863 2094 uel
877 2052 996 2115 pravam
1034 2043 1124 2105 atros,
1146 2031 1183 2092 de
1202 2031 1328 2092 consilio
1357 2033 1423 2092 eius
1440 2033 1535 2093 verba
1563 2034 1642 2093 acci-

392 2124 618 2203 pbarisaeorum
644 2119 862 2180 inductionem.
888 2115 997 2179 Verium
1040 2116 1148 2195 pianda
1166 2124 1248 2192 sunt,
1268 2134 1322 2176 scu
1345 2115 1382 2176 de
1411 2115 1550 2176 caritatis
1583 2134 1644 2196 per·

392 2207 444 2267 alii
464 2206 652 2279 refragantur
675 2203 931 2280 contenduntque,
952 2200 999 2261 sin
1041 2200 1180 2274 lectione,
1202 2207 1380 2260 nouantem
1402 2198 1439 2259 de
1467 2209 1641 2279 praecepto,

396 2290 497 2350 naintrs
519 2287 669 2367 explicite,
691 2285 836 2366 implicite
847 2287 952 2345 saltem
969 2284 999 2344 in
1042 2292 1073 2343 ut
1092 2291 1173 2362 patet
1194 2302 1228 2344 ex
1265 2282 1496 2362 insequentibus
1522 2285 1641 2344 verbis:

395 2371 461 2445 lege
489 2370 637 2431 contineri
674 2370 790 2430 odium*
809 2368 1000 2428 inimicorum
1045 2368 1079 2430 Ut
1097 2368 1236 2446 sitisfilii
1254 2368 1356 2429 Putris
1384 2368 1496 2441 uestri,
1529 2369 1586 2444 put
1612 2370 1643 2428 in

397 2455 491 2514 relate
511 2452 548 2512 ad
577 2453 704 2530 populos
729 2451 868 2512 hebraeis
901 2459 1000 2510 extra·
1041 2451 1204 2527 coeiirest,
1225 2459 1314 2530 prout
1342 2450 1374 2510 2⁰
1401 2468 1426 2510 s.
1458 2451 1644 2525 Augustinus

402 2555 475 2598 neus
488 2535 548 2614 (Ι).
562 2534 715 2613 Quidquid
725 2552 813 2616 porro
828 2533 865 2596 de
880 2533 1002 2594 hacdis·
1043 2533 1191 2611 declarat,
1211 2534 1322 2594 docens
1355 2533 1548 2594 inimicorum
1570 2535 1644 2594 dile-

399 2619 554 2698 crcpantia
578 2619 637 2692 sit,
659 2619 732 2678 illud
755 2618 939 2697 exploratum
959 2627 1004 2678 est
1043 2618 1172 2678 ctionem
1194 2617 1405 2696 perfectionem
1422 2635 1489 2678 esse
1506 2617 1571 2696 (3);
1596 2618 1643 2698 qni
1667 2656 1668 2675 .

399 2721 552 2782 nurrquam
573 2700 602 2762 in
628 2701 693 2777 lege
720 2702 811 2762 veteri
831 2699 1001 2775 indultum,
1045 2702 1196 2780 praeclare
1219 2700 1315 2761 addit:
1347 2701 1488 2762 Ascendit
1517 2703 1644 2780 aliquem

401 2788 496 2847 multo
515 2804 585 2846 vero
605 2785 705 2846 rninus
725 2794 914 2865 praeceptum
932 2784 1006 2844 luis·
1043 2785 1646 2863 prrtdum,puiproaimumdilipit,punin-

403 2888 436 2930 se
456 2868 557 2929 odium
581 2868 772 2928 inimicorum
789 2869 843 2928 sub
860 2886 1006 2947 quocum·
1045 2869 1089 2927 vis
1105 2870 1203 2929 arthur
1217 2869 1312 2928 oderit
1326 2869 1482 2928 inimicum
1497 2868 1560 2946 (3).
1576 2868 1646 2928 3⁰llt

401 2971 462 3033 que
479 2960 629 3032 respectu.
650 2951 804 3012 Praeclare
823 2971 849 3012 s.
868 2951 1007 3027 largusn-
1046 2969 1072 3010 S.
1090 2950 1287 3030 Hieronymus
1301 2951 1473 3028 pelagianos
1486 2953 1647 3031 reprehen-

402 3054 460 3096 nns
477 3035 532 3095 lib.
556 3036 594 3095 10
613 3043 693 3095 cont.
721 3034 863 3116 Faustum
885 3053 912 3095 o.
940 3035 1003 3095 bt:
1047 3033 1100 3108 dit,
1115 3035 1207 3113 quod,
1221 3034 1360 3094 inimicos
1377 3044 1409 3094 ut
1428 3035 1584 3114 proximos
1603 3035 1646 3094 di-

404 3121 471 3181 Nou
495 3127 539 3179 est
554 3118 759 3193 contrarium,
786 3118 906 3194 scribit,
929 3120 1007 3195 quod
1048 3118 1181 3192 ligendos
1200 3135 1278 3194 esse,
1299 3127 1489 3179 autumarent
1502 3117 1566 3198 (l).
1591 3119 1645 3179 Er·

402 3202 434 3262 iu
454 3202 579 3268 oratioue
612 3200 768 3277 Scriptura
797 3202 909 3264 dictum
937 3211 1006 3263 est:
1046 3217 1096 3276 go.

404 3283 510 3346 Oderis
524 3282 680 3344 taritaticum
697 3292 794 3358 trium,
806 3292 834 3344 ct
854 3284 886 3344 iu
909 3285 1008 3344 Eccu-
1091 3284 1165 3344 386.
1186 3283 1276 3364 Resp.
1294 3284 1331 3344 ad
1353 3285 1378 3344 l.
1398 3285 1473 3363 Nep.
1491 3282 1552 3346 Sed
1569 3285 1646 3360 rigo-

404 3365 496 3445 pelio:
510 3365 636 3444 Dilipite
654 3366 924 3441 itrioticosoestros,
937 3369 1007 3444 potu
1049 3385 1151 3427 rosum
1173 3376 1365 3447 praeceptum
1387 3368 1545 3438 continent
1565 3368 1646 3429 Chri-

403 3449 607 3527 uuuspuispuc
621 3449 853 3527 iniquushomm
867 3451 898 3511 in
915 3467 1009 3526 quon·
1048 3451 1085 3510 sti
1111 3450 1213 3522 verba,
1250 3452 1294 3511 uti
1324 3449 1534 3526 ostendimus3
1553 3470 1647 3531 nequo

405 3539 466 3595 tum
483 3533 608 3609 iniquus
625 3542 677 3605 out,
701 3534 768 3594 odio
789 3534 940 3594 habendus
955 3543 1007 3608 est,
1049 3534 1129 3594 aliud
1148 3533 1296 3608 suadent,
1321 3553 1398 3613 quae
1426 3534 1539 3594 ibidem
1564 3534 1647 3596 Chri·

403 3616 435 3676 ia
455 3626 603 3692 prioratum
621 3625 721 3678 cartam
748 3617 833 3677 homo
860 3625 914 3693 cst,
935 3618 1009 3679 dili·
1048 3625 1113 3677 stus
1131 3616 1251 3678 adiecit:
1270 3619 1304 3680 Ut
1319 3619 1386 3679 ritis
1403 3618 1462 3695 filii
1482 3619 1588 3680 Patris
1604 3637 1648 3680 oe-

404 3699 519 3780 pcudus
537 3705 591 3760 cst.
1049 3701 1119 3775 stri,
1140 3709 1201 3760 aut:
1220 3703 1319 3762 Estote
1333 3701 1470 3780 perfecti,
1491 3708 1550 3762 etc.
1581 3701 1645 3762 Nam

448 3781 589 3844 :athad
612 3781 643 3844 3.
664 3784 701 3846 D.
731 3780 765 3843 In
791 3781 913 3863 psalmis
933 3791 963 3844 et
979 3782 1010 3844 in
1050 3802 1103 3863 per
1122 3783 1340 3864 oppositionem
1360 3783 1398 3846 ad
1431 3783 1511 3845 filios
1540 3785 1668 3865 diaboli,

1230 3905 1234 3935 r
1667 3890 1668 3937 l

440 3964 480 4029 (t)
493 3963 541 4025 lta,
560 3971 590 4014 ut
606 3963 683 4029 pomo
701 3971 760 4014 ante
785 3964 927 4027 innuimus,
946 3963 1011 4015 blal-
1050 3962 1147 4015 odium.
1166 3963 1314 4030 Quaredici
1332 3963 1419 4026 debet,
1431 3964 1562 4016 Christum
1575 3965 1668 4032 expli-t

407 4025 517 4080 donatus
545 4031 571 4080 in
597 4032 649 4080 siris
677 4033 866 4082 commentariis
891 4033 916 4082 in
943 4033 1012 4082 bunc
1052 4033 1135 4082 ruisse
1153 4033 1245 4098 legum,
1263 4043 1290 4084 et
1315 4050 1422 4099 prauum
1440 4049 1544 4083 sonsum
1567 4032 1668 4100 phari-¹

406 4094 527 4146 blnttlmei
547 4104 656 4158 reatuin,
669 4097 713 4148 ubi
726 4098 870 4160 rurttcrrdit,
881 4099 1012 4148 Christum
1052 4089 1167 4149 saeordur
1186 4102 1334 4162 correxisse,
1352 4100 1431 4160 dum,
1444 4101 1551 4150 nomine
1569 4101 1645 4166 prori-
1667 4096 1668 4175 l

406 4176 457 4211 non
476 4161 573 4212 scribas
591 4163 633 4212 sud
654 4163 736 4242 irgpm
749 4160 827 4232 ipsein
847 4166 889 4216 hic
900 4168 1014 4232 corrige·
1054 4166 1087 4216 mi
1105 4181 1155 4216 nou
1168 4168 1251 4218 solunt
1276 4167 1444 4227 domesticos,
1461 4159 1507 4218 cdl
1525 4170 1601 4218 etiam
1613 4183 1648 4217 ot·

407 4243 445 4289 ro,
465 4227 528 4280 durn
548 4227 619 4279 iubet
633 4232 749 4281 inunrros
766 4233 886 4298 diligere,
900 4249 930 4282 so
943 4233 1012 4299 quod
1054 4243 1174 4297 truncos,
1198 4236 1249 4286 imo
1266 4250 1353 4285 omncs
1377 4235 1493 4285 homines
1515 4234 1646 4302 significari

405 4293 510 4346 hebraei
530 4296 555 4346 in
576 4293 701 4346 irrarrdotia
740 4297 794 4348 Deo
814 4298 1013 4351 habuerinttour
1054 4301 1153 4352 docuit.
1539 4337 1542 4341 ›

407 4362 512 4414 dolendi
535 4364 700 4425 annotemus,
724 4374 779 4416 tum
796 4364 956 4416 oliantanaros
971 4383 1014 4417 ex·
1089 4371 1127 4432 (2)
1141 4368 1176 4418 ln·
1193 4365 1296 4418 bactu.
1316 4383 1374 4434 cap.
1388 4372 1431 4419 73.

408 4429 576 4482 terminandi.
599 4434 633 4483 ‚tt
660 4447 721 4481 raro
750 4430 851 4482 lulrraei
879 4433 904 4482 in
923 4449 1016 4484 exrcu-
1089 4437 1128 4500 (3)
1147 4433 1228 4486 bibl
1252 4433 1501 4486 Deucalionem
1520 4438 1546 4486 in
1565 4439 1648 4496 moute,

356 4511 361 4514 ·
407 4498 477 4550 tione
495 4497 599 4548 divinae
610 4500 754 4549 sentcntiae
770 4499 893 4550 advorsus
910 4499 957 4552 bos
969 4517 1015 4568 pe·
1056 4518 1114 4569 cap.
1126 4507 1170 4552 hl.

389 4563 518 4626 ‚colluces
547 4565 656 4632 populos
680 4582 730 4616 non
759 4565 936 4634 praebuerunt
966 4569 1015 4618 crisi
1090 4573 1130 4638 (tr)
1148 4567 1235 4621 libs
1253 4565 1435 4636 adalung„
1453 4530 1536 4620 mil.

407 4645 483 4681 suum
502 4631 688 4686 ministerium.
711 4632 766 4686 lloc
789 4651 851 4686 vero
868 4651 919 4688 uon
937 4637 1017 4704 exigit
1333 4638 1337 4650 '
