3700 5659
400 483 440 548 38
921 497 959 542 uu
977 497 1046 542 rme

358 593 563 656 continentur.
584 586 727 668 Alioquin
755 605 809 648 nec
835 594 880 648 tot
896 604 965 648 cre·
1007 587 1098 648 talem
1133 584 1171 647 ad
1211 583 1373 647 discrimen
1411 585 1610 649 articulorum

359 676 587 754 (laudansque
618 680 662 733 tot
686 671 823 734 facienda
852 689 965 752 propo·
1007 669 1613 733 noufundamentaliumiusensuadver·

360 761 484 836 suisset,
505 759 531 820 si
544 758 595 818 illa
608 757 672 817 sola
689 756 872 818 sufficerent.
887 755 967 815 llaec
1006 755 1170 828 sariorum,
1199 755 1239 817 Ν.
1264 752 1327 814 Hoc
1344 753 1426 816 cuim
1458 773 1613 818 commen·

360 847 440 910 enim
462 843 581 921 aliaque
607 839 756 902 eiusmodi
774 838 967 914 intelligenda
1007 847 1070 900 turn
1090 847 1136 900 est
1150 837 1368 900 haereticorum
1387 857 1485 919 nuper
1494 841 1613 916 excogi-

361 937 433 992 sunt
450 925 596 1004 negative,
616 924 658 986 ila
675 932 708 984 ut
725 941 832 984 sensus
851 923 900 984 sit:
922 921 967 984 si·
1008 930 1115 1000 tatum,
1135 922 1216 1002 quod
1245 941 1336 1001 quam
1355 922 1484 984 maximo
1502 923 1611 985 adrer-

361 1012 463 1074 uehis
486 1010 615 1071 salutem
636 1005 766 1068 obtineri
785 1025 845 1068 nou
865 1024 964 1087 posse,
1007 1017 1091 1068 satur
1116 1006 1267 1068 contextui
1294 1014 1325 1068 et
1354 1007 1448 1069 menti
1466 1009 1610 1088 apostoli.

361 1116 422 1160 non
440 1103 540 1157 autem
569 1093 628 1154 ista
649 1091 813 1166 sufficere,
838 1099 871 1152 ut
886 1097 968 1170 patet
1006 1089 1079 1152 Nam
1095 1090 1203 1152 alludit
1223 1091 1378 1170 apostolus
1392 1090 1431 1151 ad
1448 1092 1613 1169 magistros

362 1201 397 1244 eu
417 1188 460 1240 tot
478 1177 557 1254 aliis,
582 1174 693 1256 quibus
710 1175 755 1236 vis
771 1174 903 1236 salvandi
917 1173 969 1234 tri·
1007 1174 1213 1251 indainantes,
1238 1174 1290 1254 qui
1314 1183 1431 1254 praeter
1448 1194 1559 1256 puram
1579 1195 1612 1236 e·

363 1265 477 1340 buitur,
498 1270 531 1322 ut
546 1259 622 1342 spei,
640 1259 753 1338 timori,
768 1259 895 1340 aliisque
907 1277 968 1320 uon
1007 1259 1190 1334 vangelicam
1218 1258 1408 1336 doctrinam,
1436 1278 1528 1339 quam
1549 1259 1613 1340 ipse

363 1349 479 1430 paucis.
1008 1342 1169 1405 Corinthiis
1202 1341 1374 1420 tradiderat,
1404 1344 1613 1404 caeremonias

410 1433 481 1492 136.
496 1427 540 1490 nd
553 1427 583 1488 3.
598 1425 676 1488 idem
693 1434 757 1488 esto
776 1445 966 1508 responsum3
1008 1445 1044 1491 ac
1061 1428 1137 1488 ritus
1162 1426 1296 1488 iudaicos
1314 1426 1522 1488 admiscebant
1545 1446 1612 1488 cum

364 1533 472 1595 nempe
491 1512 516 1574 si
536 1519 635 1572 cetera
654 1509 756 1572 credat
774 1519 804 1572 et
825 1519 966 1592 praestet.
1009 1511 1217 1574 observatione
1245 1510 1441 1590 professionis
1467 1511 1614 1572 christia-

365 1599 431 1671 Quo
450 1596 554 1659 eodem
582 1613 673 1656 sensu
691 1595 864 1675 exponenda
890 1593 970 1658 haud
1009 1615 1077 1673 nae,
1097 1596 1159 1657 sive
1177 1614 1213 1658 ex
1229 1594 1409 1672 ignorantia,
1430 1594 1493 1657 sire
1515 1615 1554 1656 ex
1574 1597 1615 1656 le·

366 1701 461 1766 pauca
475 1685 556 1757 sunt,
578 1697 656 1758 quae
671 1678 709 1739 ab
728 1678 905 1742 adversariis
920 1697 971 1741 ur·
1009 1680 1100 1741 ritate
1117 1679 1213 1740 aliove
1229 1679 1329 1740 minus
1347 1687 1429 1740 recto
1445 1679 1517 1740 fine.
1532 1679 1615 1740 Hanc

367 1777 485 1846 gantur,
505 1781 553 1825 ex.
577 1780 621 1838 gr.
644 1761 724 1842 quod
743 1762 968 1840 legiturlo.1u,
1011 1783 1100 1844 porro
1118 1761 1345 1844 permixtionem
1360 1762 1548 1824 destructum
1566 1764 1613 1839 iri,

369 1853 430 1914 lli:
454 1852 488 1913 Ut
510 1849 622 1923 omnis,
648 1849 700 1925 qni
723 1847 816 1910 credit
843 1847 876 1908 fn
904 1865 972 1908 euro
1011 1847 1173 1910 denunciat
1189 1848 1361 1927 apostolus,
1376 1847 1617 1928 temploaoHie-

369 1931 571 2016 (Christum),
591 1949 653 1994 nora
666 1940 782 2011 pereat,
798 1932 848 1995 sed
868 1931 972 1994 hoheot
1012 1931 1169 2011 rosclpmis
1195 1931 1317 2006 eversis,
1337 1940 1425 2010 prout
1445 1931 1549 2012 reipsa
1571 1932 1615 1992 ta-

368 2023 459 2084 otram
481 2026 644 2079 aeternnm.
846 2053 848 2058 ·
1013 2026 1094 2079 ctum
1113 2023 1170 2092 est;
1186 2013 1335 2076 eiusmodi
1355 2024 1455 2077 autem
1476 2015 1616 2076 doctores

412 2103 483 2164 l3l.
514 2099 557 2161 Ad
577 2101 608 2160 d.
629 2102 666 2162 D.
688 2097 777 2160 Latro
806 2107 920 2162 tantum
941 2099 973 2160 in
1014 2101 1227 2163 detrimentum
1245 2118 1312 2161 esse
1330 2100 1429 2179 operis
1448 2118 1614 2180 passuros,

371 2187 524 2250 Christum
555 2183 682 2244 credidit
699 2183 849 2264 explicite,
870 2185 919 2261 C.;
943 2183 974 2244 in
1016 2204 1051 2248 ac
1072 2185 1119 2246 vix
1136 2184 1218 2265 ipsos
1243 2202 1298 2245 nec
1327 2183 1392 2245 siue
1416 2185 1520 2264 aliqua
1538 2194 1616 2245 tem-

316 2295 322 2310 .
372 2289 463 2332 sensu
479 2266 640 2340 exclusivo,
657 2269 696 2330 N.
714 2266 827 2348 Nempe
848 2267 918 2328 dum
933 2268 975 2329 la·
1016 2269 1112 2350 porali
1134 2287 1231 2348 poena
1266 2267 1312 2328 vel
1330 2267 1362 2328 in
1383 2268 1486 2330 futura
1515 2269 1565 2330 uel
1589 2267 1617 2327 in

372 2363 417 2415 tro
440 2352 592 2414 Christum
611 2351 766 2412 confessus
790 2358 852 2430 est,
873 2350 976 2431 impli-
1017 2353 1167 2436 praesenti
1185 2352 1244 2414 nita
1262 2365 1405 2414 evasuros
1421 2370 1488 2413 esse
1504 2352 1569 2432 (3).

373 2439 431 2500 cite
449 2436 566 2512 saltem,
581 2453 634 2496 seu
656 2434 764 2496 mentis
782 2434 978 2516 dispositione
1061 2439 1133 2498 139.
1159 2436 1204 2497 dd
1222 2437 1253 2498 n.
1283 2437 1322 2499 Ν.
1347 2437 1392 2497 vel
1412 2436 1450 2498 D.
1471 2437 1533 2498 Hor
1550 2453 1617 2497 sen·

374 2529 513 2604 paratum
533 2536 565 2580 se
584 2518 724 2580 exhihuit
750 2518 790 2581 ad
808 2519 977 2581 universam
1018 2522 1167 2584 tio-runs...
1188 2528 1215 2583 et
1231 2521 1258 2582 ai
1275 2520 1348 2598 perid
1363 2520 1454 2582 aliter
1469 2520 1577 2599 sopitis
1591 2519 1617 2578 in

376 2603 486 2668 Christi
502 2603 668 2664 doctrinam
683 2602 890 2684 profitendam,
907 2603 933 2666 si
952 2602 979 2663 ei
1019 2603 1617 2683 reethicactperfectionechristiana,C.;

377 2687 583 2764 innotuisset,
608 2705 642 2748 ac
661 2695 816 2768 praeterea
833 2687 981 2768 poenituit
1020 2689 1051 2750 in
1076 2687 1263 2765 dogmaticis,
1277 2689 1316 2750 N.
1329 2687 1431 2749 Talem
1451 2705 1519 2749 esse
1534 2706 1619 2748 men-

378 2791 447 2836 cum
476 2771 644 2833 facinorum
671 2790 807 2832 suorum.
833 2771 913 2832 Idem
933 2771 981 2832 dic
1021 2782 1081 2834 tem
1109 2772 1237 2853 apostoli
1255 2771 1360 2833 hocin
1382 2772 1463 2848 loco,
1488 2779 1620 2852 patetet
1677 2808 1678 2819 ³

377 2857 413 2918 de
431 2855 583 2933 eunucho,
598 2853 667 2930 dum
681 2855 784 2917 elicuit
800 2855 869 2917 fidei
881 2863 981 2918 actum
1022 2856 1167 2918 orationis
1184 2855 1274 2933 serie,
1286 2856 1318 2917 iu
1334 2874 1393 2936 qna
1406 2873 1506 2916 sermo
1522 2864 1571 2916 est
1589 2855 1620 2914 de

376 2941 408 3004 in
420 2940 583 3017 Christum,
594 2938 702 3000 Filium
714 2939 820 3016 hei3ac
832 2940 869 3001 de
884 2942 984 3002 custo·
1023 2942 1158 3021 profectu
1173 2939 1283 3016 iugiter
1312 2939 1448 3002 ulteriori
1467 2939 1498 2999 in
1518 2957 1620 3019 perse-

378 3025 416 3086 do
436 3024 565 3086 carc'eris
580 3022 791 3103 Philippensis,
810 3024 859 3085 cui
878 3023 984 3086 aPau·
1024 3023 1143 3104 quenda
1164 3023 1346 3104 perfectione
1364 3042 1419 3085 seu
1437 3023 1620 3095 sanctitate,

379 3110 409 3169 lo
426 3114 458 3168 et'
474 3105 535 3167 Sila
550 3105 662 3167 dictum
683 3116 739 3169 est:
762 3108 854 3170 Crede
872 3109 907 3168 in
926 3109 985 3170 Do-
1024 3127 1115 3188 qnam
1145 3108 1266 3187 quidem
1294 3106 1496 3169 omnimodam
1524 3107 1622 3187 perfe-
1677 3146 1678 3163 .

378 3192 495 3253 minator
513 3193 625 3264 lenanu
643 3199 670 3252 ct
692 3191 793 3252 colons
808 3191 869 3253 orie
887 3199 938 3266 tu,
957 3199 985 3252 et
1025 3192 1154 3253 ctionem
1182 3211 1214 3253 se
1233 3190 1358 3253 minime
1375 3198 1548 3253 assecutum
1568 3191 1623 3252 hu-

382 3278 488 3340 nomos
508 3282 559 3334 tuo
575 3273 636 3352 (l),
653 3273 741 3336 idest:
758 3275 938 3354 amplectere
952 3274 986 3334 fr·
1025 3275 1138 3338 militer
1155 3273 1192 3338 de
1213 3293 1246 3337 se
1268 3276 1424 3356 profitetur
1450 3275 1622 3356 apostolus,
1677 3268 1678 3301 ³

383 3359 450 3420 dem
470 3355 681 3435 christianam,
698 3377 787 3438 quam
805 3358 895 3419 iidem
916 3377 987 3439 apo·
1026 3368 1202 3439 ceterosque
1220 3359 1258 3421 ad
1274 3359 1354 3422 idem
1374 3359 1410 3421 de
1438 3377 1472 3420 se
1490 3357 1624 3420 sentien-
1677 3426 1678 3431 .

328 3508 330 3514 s
381 3441 451 3506 stoli
479 3440 507 3502 ei
536 3450 738 3522 exposuerunt
757 3442 818 3523 (hh
849 3441 985 3522 alioquin
1026 3443 1096 3504 dum
1114 3442 1314 3522 adhortatur,
1337 3439 1511 3520 confidelis,
1532 3442 1623 3504 Deum
1677 3448 1678 3503 i

381 3532 571 3607 sequeretur,
593 3525 726 3607 potuisse
739 3545 799 3588 non
814 3527 937 3598 credere
954 3525 986 3588 in
1026 3528 1120 3606 gratia
1137 3547 1192 3590 sua
1216 3528 1296 3588 hunc
1320 3547 1441 3590 sensnm
1461 3526 1625 3607 inspiratu·
1677 3562 1678 3565 =

382 3610 502 3674 Patrem
521 3617 555 3672 et
569 3611 600 3671 in
618 3609 761 3691 Spiritum
781 3629 807 3674 s.
1027 3611 1163 3689 rumiis,
1187 3612 1239 3692 qui
1257 3611 1345 3674 aliter
1368 3611 1528 3672 sentirent.
1551 3608 1626 3680 Quid

426 3689 498 3756 138.
520 3693 564 3756 hd
583 3695 613 3755 5.
633 3695 673 3758 Ν.
693 3695 739 3758 vel
754 3695 792 3757 D.
809 3695 867 3758 Per
881 3694 988 3758 funda·
1029 3697 1086 3758 hoc
1105 3715 1194 3776 porro
1212 3715 1372 3757 commune
1390 3694 1482 3758 hahet
1498 3713 1568 3755 cum
1588 3693 1627 3753 di·

385 3786 521 3840 mentum
541 3778 694 3859 apostolus
714 3779 861 3856 significat
878 3779 987 3856 genui·
1028 3780 1187 3841 stinctione
1212 3779 1407 3841 articulorum
1422 3777 1627 3841 fundamenta-

382 3881 453 3924 nam
473 3880 508 3922 ac
530 3881 634 3942 puram
665 3861 774 3924 Christi
794 3863 985 3940 doctrinam,
1029 3861 1599 3942 liumetnonfundameutaliumff)?
1677 3884 1678 3887 ¹

385 3947 435 4024 C.;
453 3944 601 4024 significat
623 3945 784 4008 articulum
806 3947 988 4010 fundamen·
1073 3945 1328 4011 truttmunt.
1350 3945 1427 4010 Tum
1453 3947 1485 4010 iu
1511 3945 1628 4008 iudaice
1677 4026 1678 4045 Χ

419 4091 457 4159 (1)
477 4096 533 4144 flet.
548 4089 619 4154 XVI,
633 4096 676 4143 5¹.
1031 4096 1133 4163 privato
1151 4097 1349 4149 liccrcticornm.
1363 4096 1482 4150 httamcu
1500 4093 1594 4149 hlonod
1606 4095 1628 4146 in
1677 4098 1678 4135 ἶ

421 4159 460 4226 (2)
479 4157 512 4210 V.
533 4164 581 4211 52:
606 4159 639 4211 El
664 4163 738 4211 locuti
758 4164 816 4211 sunl
843 4161 867 4212 ef
890 4162 990 4214 uerbum
1030 4180 1074 4214 sua
1094 4163 1191 4215 Lucilla
1208 4166 1275 4216 serio
1293 4164 1378 4216 adhuc
1395 4165 1466 4216 liuuc
1482 4172 1582 4218 textum
1600 4161 1628 4213 cd
1677 4200 1678 4203 ,

385 4227 500 4281 Domini.
1031 4247 1084 4282 rem
1102 4249 1173 4284 sunm
1200 4242 1292 4300 urget,
1311 4249 1403 4298 nempe
1432 4232 1496 4284 adeo
1525 4229 1631 4283 stolidus
1677 4280 1678 4287 ,

423 4294 463 4362 (5)
482 4291 702 4362 Vid.Plrilippum
720 4291 866 4346 Lallemand
886 4295 911 4346 in
925 4295 991 4347 notis
1030 4304 1083 4351 cstt
1103 4300 1222 4351 Ceterum
1241 4317 1263 4351 s.
1285 4303 1322 4352 lo.
1347 4301 1545 4366 Chrysostomus
1563 4298 1629 4350 lrom.

387 4360 496 4428 quasin
515 4361 585 4413 hunc
603 4361 687 4412 locum
705 4361 824 4428 apposuit
836 4361 862 4412 in
880 4379 925 4414 sua
936 4363 991 4430 gal·
1033 4372 1059 4418 lt
1083 4368 1110 4418 in
1123 4366 1204 4434 Epist.
1223 4367 1253 4417 nd
1265 4368 1384 4436 Philipp.
1403 4371 1430 4419 in
1447 4368 1518 4419 hunc
1532 4368 1629 4418 locum:

386 4429 435 4479 lica
460 4430 577 4480 versione
601 4429 661 4480 novi
679 4429 841 4494 testumcn1i3
860 4430 921 4482 item
946 4430 991 4482 Es·
1033 4434 1089 4486 Noa
1118 4437 1332 4499 dehonoratione,
1353 4435 1451 4502 inquit,
1477 4439 1536 4486 hoec
1570 4437 1632 4483 dicto

387 4497 452 4547 tium
470 4497 585 4566 aliosque
605 4497 767 4563 interpretes.
1032 4507 1097 4563 sunt,
1115 4507 1155 4554 aed
1179 4507 1207 4553 de
1229 4505 1374 4566 perfectione
1390 4507 1471 4565 ottae,
1498 4501 1534 4553 cf.
1559 4500 1579 4551 l.
1606 4498 1631 4550 F.

421 4563 460 4631 (t)
479 4563 577 4616 Exinde
595 4579 690 4614 novrum
708 4571 889 4630 argumentum
911 4564 991 4616 habo-
1033 4569 1136 4620 Bcclcm
1164 4569 1335 4634 interpretatio
1353 4570 1433 4634 Epiri.
1456 4586 1478 4624 r.
1505 4572 1581 4621 Ponti
1605 4570 1633 4618 ud

389 4629 477 4681 turdo
491 4631 661 4699 intelligentia
672 4634 864 4700 scripturarum
878 4633 903 4682 in
915 4649 990 4686 sensu
1035 4638 1144 4702 Philipp.
1157 4635 1263 4690 Lorcnii
1282 4641 1359 4690 1819.
