3700 5659
751 464 846 510 CAPUT
864 467 904 511 lx.
1357 457 1415 520 ΜΕ)

201 559 301 623 menti
320 554 599 638 praetermittimus,
625 573 693 616 cum
725 554 814 616 nobis
853 555 896 616 cis
914 556 1013 632 agitur
1028 555 1095 638 (2);
1116 556 1178 620 imo
1196 560 1293 642 quoad
1312 561 1377 624 eius
1392 564 1458 626 fieri

203 645 280 707 satis
297 643 339 704 sit
351 639 664 720 breviterexposuisse
678 638 709 699 in
725 658 813 700 usum
853 648 962 720 potest,
996 641 1027 701 in
1046 651 1159 722 partem
1194 645 1339 708 faventem
1369 646 1458 710 infle-

204 742 348 809 tpronum
368 733 470 800 notas,
491 742 568 804 quas
592 722 812 785 recensuimus.
853 723 960 786 otenda
975 725 1087 786 trutina
1102 735 1157 787 est.
1172 725 1263 790 Cuius
1277 730 1458 792 moderatio-

248 811 327 872 5022.
345 809 525 888 Priusquam
540 807 732 868 absolvamus
757 808 814 868 boc
854 807 900 868 nis
918 809 1027 869 mirum
1058 811 1227 890 exemplum
1260 813 1347 876 nobis
1366 833 1457 896 prae·

205 890 815 975 argumentum,nonnullaadiicereprae-
855 891 920 952 buit
935 892 1093 970 angelicus
1115 893 1239 972 doctor,
1262 905 1292 958 et
1321 897 1372 978 qui
1392 900 1458 961 eius

207 989 290 1042 stat:
314 997 348 1040 ac
367 977 476 1058 primo,
493 974 574 1056 quod
588 974 693 1036 attinet
711 974 748 1036 ad
768 994 815 1037 as·
852 975 977 1054 uestigia
1007 977 1101 1038 secuti
1134 988 1204 1040 sunt
1233 979 1455 1060 Bellarminns,

207 1075 344 1126 sartores
361 1069 413 1123 aut
430 1067 665 1140 propugnatores
683 1059 814 1121 eiusmo·
852 1057 1027 1138 Suarezius,
1049 1059 1161 1142 aliique
1183 1081 1286 1142 graves
1305 1075 1455 1128 auctores.

207 1142 814 1225 didamnabiliumpropositionum,baud

207 1234 298 1312 culpa
318 1247 431 1306 carere,
451 1246 547 1308 eaque
564 1226 656 1303 grani,
673 1227 698 1287 si
713 1227 813 1289 scien-

209 1327 254 1377 ter
271 1334 311 1376 ac
330 1313 495 1374 deliberato
513 1310 613 1377 animo
633 1311 664 1377 id
681 1311 744 1372 fiat.
764 1310 813 1372 Si-

208 1400 333 1480 quidem
350 1408 384 1457 ut
401 1396 563 1477 plurimum
579 1395 651 1456 talia
668 1395 814 1457 effutiun-
896 1395 969 1458 523.
990 1395 1070 1458 lnter
1087 1397 1180 1476 vitia,
1207 1418 1283 1481 quae
1313 1399 1382 1462 fidei
1401 1399 1458 1464 ad-

209 1495 257 1544 tur
275 1503 313 1544 ex
331 1481 460 1564 quadam
478 1478 657 1556 temeritate,
678 1498 713 1542 ex
732 1479 814 1557 noui·
852 1488 1021 1559 versantur,
1051 1489 1169 1562 praeter
1195 1483 1401 1547 infidelitatem
1428 1494 1459 1548 et

210 1568 412 1641 tatisamore,
443 1571 473 1624 et
491 1562 611 1624 interim
634 1581 738 1625 earum
756 1584 813 1625 au·
853 1564 1003 1626 haeresim
1035 1566 1243 1629 recensuimus
1276 1569 1458 1650 apostasiam
1541 1615 1544 1624 .

209 1661 311 1712 ctores
328 1668 361 1710 se
379 1647 543 1709 coniiciunt
560 1647 599 1708 in
610 1664 697 1723 grave
713 1667 816 1710 erran·
853 1666 907 1709 seu
927 1648 1127 1710 recessionem
1141 1650 1236 1728 atide,
1257 1670 1318 1713 non
1337 1671 1372 1713 eo
1385 1672 1458 1714 sen-

209 1736 238 1796 di
262 1733 447 1814 periculum,
467 1751 561 1812 aquo
581 1731 627 1791 rix
646 1739 699 1792 ant
717 1733 814 1793 neuin
853 1751 907 1810 su,
929 1733 1008 1813 quod
1027 1751 1080 1814 per
1098 1734 1247 1796 eiusmodi
1266 1735 1457 1816 partitionem

210 1819 335 1898 quidem
355 1817 459 1898 pedem
471 1816 626 1877 retrabere
645 1826 749 1896 postea
763 1835 814 1897 po·
852 1817 1036 1877 voluerimus
1075 1819 1282 1897 quaestionem
1317 1820 1458 1883 dirimere

210 1911 325 1979 terunt,
338 1920 373 1962 ac
385 1908 540 1980 praeterea
557 1900 730 1960 scandalum
747 1900 815 1961 aliis
853 1900 932 1961 inter
950 1901 1105 1976 theologos
1125 1903 1283 1978 agitatam,
1301 1912 1403 1966 utrum
1423 1923 1458 1966 a·

211 1986 370 2066 praebent.
401 1984 444 2046 Eo
462 1985 507 2045 rel
527 1984 621 2060 magis
649 1984 815 2065 culpabiles
854 1983 985 2065 postasia
1005 1985 1168 2046 constituat
1195 1986 1325 2066 speciem
1348 1987 1457 2050 infide-

211 2090 242 2131 se
260 2070 418 2150 praebent,
437 2068 463 2129 si
494 2077 598 2145 agatur
619 2067 656 2128 de
674 2068 813 2148 proposi·
853 2067 946 2129 litatis
965 2068 1146 2146 distinctam,
1162 2069 1242 2150 quod
1254 2071 1390 2151 plerique
1406 2091 1458 2133 ne-

212 2155 347 2214 tionibus
363 2153 421 2213 iam
437 2152 512 2213 alias
530 2153 568 2213 ab
587 2152 714 2213 eeclesia
732 2171 815 2214 seua
848 2161 923 2229 -gant
937 2152 1004 2232 (3);
1026 2151 1078 2213 sed
1096 2151 1133 2213 ad
1151 2153 1376 2231 significandum
1393 2163 1459 2217 tan·

214 2238 347 2298 romanis
375 2236 570 2297 Pontificibus
603 2236 726 2296 confinis
752 2236 813 2315 (t).
854 2247 918 2297 tum
937 2236 1115 2316 apostasiam
1136 2255 1153 2298 a
1171 2237 1246 2315 fide,
1268 2257 1345 2318 quae
1362 2241 1457 2320 perd-

213 2320 362 2398 Secundo,
376 2320 402 2381 si
420 2328 525 2396 agatur
538 2337 598 2380 non
614 2319 650 2380 de
669 2320 813 2398 iudiciali,
853 2322 905 2383 dio
924 2319 1056 2396 dicitur,
1092 2337 1213 2402 quaque
1241 2321 1314 2384 fides
1334 2324 1456 2386 omnino

213 2408 263 2467 sed
282 2406 321 2466 de
352 2404 510 2465 doctrinali
540 2421 691 2481 censura,
719 2423 816 2484 quaa
854 2404 1031 2467 destruitur.

214 2490 335 2569 privatis
364 2488 538 2550 auctoribus
565 2487 728 2550 nonnullae
759 2488 814 2549 do·
897 2488 970 2549 bid.
992 2487 1071 2550 llaec
1093 2495 1192 2550 autem
1213 2489 1344 2552 recessio
1363 2510 1381 2553 a
1399 2491 1457 2553 fide

214 2575 328 2635 ctrinae
347 2572 444 2634 notari
463 2573 579 2649 solent,
605 2590 712 2648 magna
729 2571 766 2633 ab
786 2573 815 2633 i-
854 2580 952 2653 potest
970 2591 1036 2634 esse
1053 2574 1098 2636 vel
1117 2571 1251 2653 partialis
1268 2575 1314 2635 vel
1335 2575 1455 2653 totalis;

217 2659 275 2736 psis
311 2658 451 2720 cautione
483 2674 550 2718 esse
581 2656 813 2736 procedendum.
854 2655 990 2737 partialis
1009 2656 1158 2737 reperitur
1169 2657 1200 2717 in
1216 2658 1388 2736 haereticis,
1406 2659 1458 2740 qni

216 2741 276 2802 Non
306 2741 417 2804 debent
447 2739 537 2800 nimis
569 2740 672 2801 faciles
700 2741 815 2802 esseio
854 2739 1031 2801 catholicam
1045 2741 1133 2800 fidem
1145 2749 1214 2802 ante
1232 2742 1370 2822 professi,
1391 2761 1458 2804 eam

214 2826 397 2904 conligendis
413 2824 566 2886 nonnullis
585 2823 749 2902 doctrinis,
779 2845 815 2886 eo
854 2824 1008 2900 deserunt,
1021 2833 1054 2884 ut
1065 2823 1273 2900 aliouisectae,
1293 2825 1459 2905 quaechri·

216 2911 295 2989 quod
309 2910 384 2991 ipsis
401 2929 461 2969 non
482 2908 657 2985 arrideant3
682 2908 816 2988 alioquin
854 2907 951 2968 stiano
980 2906 1079 2968 adbuc
1097 2907 1218 2968 nomine
1243 2909 1404 2986 gloriatur,
1425 2927 1458 2971 se

984 1263 1049 1314 Anr.
1070 1261 1116 1313 tlt.
1136 1261 1175 1313 De
1192 1269 1327 1326 opertorio.

216 2994 368 3056 incurrere
386 3002 525 3074 poterunt
541 2993 570 3053 in
588 3010 677 3069 grave
695 2993 815 3071 pericu-

217 3077 273 3138 lum
294 3078 446 3140 doctrinas
464 3076 600 3138 innoxias
627 3077 707 3155 gravi
727 3076 816 3138 detri-

218 3173 317 3223 mento
336 3161 469 3223 caritatis
487 3160 659 3221 etiustitiae
673 3160 817 3223 damnan-

217 3245 255 3305 di.
276 3247 369 3308 Caute
390 3245 513 3307 omnino
541 3244 572 3304 in
597 3262 631 3306 re
654 3244 728 3306 tanti
747 3265 814 3307 mo·

218 3331 307 3391 menti
322 3329 520 3391 incedendum
540 3336 596 3406 est,
617 3346 651 3390 ao
672 3328 731 3390 nisi
746 3347 816 3407 aga·

218 3419 265 3473 tur
280 3415 316 3476 de
333 3433 436 3475 errore
452 3413 628 3490 manifesto,
650 3430 814 3492 praeoccu-

219 3498 344 3575 pandum
363 3517 424 3558 non
443 3506 489 3560 ost
506 3505 626 3558 sanctae
644 3496 724 3557 sedis
738 3497 815 3558 iudi-

218 3581 305 3660 cium,
327 3602 395 3643 cum
415 3600 463 3643 res
480 3581 579 3643 adbuc
597 3579 628 3640 in
647 3580 746 3641 medio
761 3600 813 3642 re-

218 3664 283 3727 licta
304 3676 360 3745 est,
382 3685 417 3727 ac
432 3666 469 3728 de
491 3664 666 3728 auctoribus
684 3665 814 3726 catholi-

252 3798 286 3864 (t)
310 3800 350 3849 Cf.
370 3803 476 3863 suarez,
501 3798 569 3864 disp.
589 3800 633 3859 20,
651 3813 713 3848 sesa.
739 3802 764 3860 l,
786 3802 812 3860 d,

219 3876 263 3915 art.
283 3873 307 3916 l.

249 3934 284 3998 (ἲ)
303 3938 384 4001 Saepe
395 3933 444 3984 boc
462 3933 588 3985 monitum
605 3931 646 3981 vel
659 3931 720 3998 ipsis
737 3947 815 3998 syno-

220 3999 254 4049 dis
270 4002 437 4063 dioecesanis,
458 4010 504 4051 aut
526 4003 601 4051 etiam
615 3999 815 4066 provincialibus

221 4070 316 4130 praebet
346 4079 373 4120 et
397 4070 509 4120 inculcat
527 4066 683 4119 Benedictus
707 4066 764 4117 XtV
786 4068 812 4116 in

220 4139 344 4198 paraeclaro
371 4153 450 4204 opere
477 4137 516 4188 De
542 4137 640 4203 Spoodo
667 4137 815 4199 doceamur,

220 4205 391 4256 controversiis
408 4202 524 4256 nondum
546 4203 579 4253 ab
600 4201 737 4270 apostolica
750 4201 815 4253 Sede

854 2990 1037 3052 adscribant.
1049 2991 1161 3052 Totalis
1170 3009 1273 3052 eorum
1284 3001 1329 3054 est
1341 3001 1459 3074 aposta-

855 3074 912 3153 sia,
932 3074 984 3157 qui
1003 3075 1120 3138 deserto
1140 3074 1267 3153 Christo,
1289 3078 1335 3138 uel
1351 3077 1388 3138 ad
1407 3096 1459 3158 pa-

854 3159 1036 3236 ganismum,
1052 3160 1098 3220 vel
1115 3158 1152 3220 ad
1169 3159 1350 3222 iudaismum
1364 3169 1460 3222 trans-

855 3252 944 3321 eunt;
965 3252 1054 3326 atque
1074 3243 1122 3306 isti
1139 3251 1230 3322 sunt,
1260 3243 1311 3324 qui
1329 3253 1459 3307 antono-

855 3328 981 3390 mastice
1027 3336 1180 3410 apostatae
1223 3337 1456 3410 nuncupantur,

854 3411 1024 3474 cuiusmodi
1045 3411 1101 3474 suit
1123 3411 1257 3474 lulianus
1276 3412 1456 3494 imperator,

854 3504 1053 3575 cognomento
1072 3504 1218 3574 apostolo,
1236 3514 1271 3557 eo
1286 3497 1366 3576 quod
1378 3495 1461 3557 chri-

854 3581 981 3648 stianam
1014 3579 1189 3654 religionem
1223 3579 1389 3640 deseruerit
1422 3579 1460 3640 ad

853 3663 1059 3745 paganismum
1078 3661 1297 3743 profitendum,
1317 3661 1386 3723 dum
1406 3681 1458 3724 ce·

854 3791 964 3853 dentes,
987 3790 1138 3858 apostasiam
1165 3790 1321 3840 constituero
1347 3790 1459 3856 speeiem

854 3860 1014 3912 infidelitatis
1025 3857 1190 3909 distinctama
1200 3856 1460 3925 paganismo‚iudais·

855 3946 896 3980 mo
913 3936 939 3978 et
956 3927 1074 3988 haeresi,
1103 3925 1200 3992 quiquo
1225 3925 1333 3992 proinde
1357 3924 1460 3976 inador-

854 4004 958 4063 quatam
969 3993 1059 4044 dicunt
1073 3991 1231 4044 irtfrdelitatis
1248 3993 1400 4044 divisionem
1413 3994 1460 4044 tri·

855 4063 1007 4115 membrcm.
1028 4061 1096 4112 atios
1113 4061 1207 4113 deinde
1224 4062 1312 4125 refert,
1333 4061 1379 4126 qni
1399 4077 1460 4111 cen·

854 4140 933 4191 sent,
957 4130 1108 4198 apostasiam
1126 4145 1177 4179 non
1201 4144 1255 4178 esse
1275 4128 1323 4178 nisi
1342 4129 1458 4179 circum-

854 4197 991 4259 stantiam,
1009 4213 1075 4265 qnae
1086 4196 1193 4264 reperiri
1208 4203 1289 4261 potest
1302 4197 1328 4246 iu
1342 4196 1460 4275 quaelibet

219 4271 332 4325 delinitis.
344 4271 374 4323 ld
388 4275 472 4340 ipsum
486 4271 566 4322 multo
579 4270 659 4336 magis
667 4269 816 4320 auctoribus
854 4267 904 4317 alia
921 4265 1082 4317 infidelitate.
1103 4264 1230 4314 l'oaterior
1246 4271 1373 4314 sententia
1390 4279 1460 4313 eom·

220 4340 317 4402 privatis
333 4338 490 4391 servandum
509 4337 663 4405 praescribit
673 4338 699 4388 in
718 4338 814 4388 eonati-

855 4334 960 4386 munior
976 4342 1014 4384 est
1024 4367 1033 4394 ,
1056 4341 1081 4383 et
1098 4339 1266 4381 consentanea
1291 4330 1394 4381 videtur
1411 4329 1458 4380 do·

222 4408 321 4472 tutione,
337 4411 450 4460 Sollicito
467 4423 496 4456 ec
515 4409 638 4470 procido,
656 4421 723 4472 quac
740 4421 816 4472 prae·
854 4403 953 4453 ctrinae
970 4417 992 4452 s.
1010 4400 1122 4451 'thomae
1136 4399 1169 4460 ll,
1182 4403 1209 4459 2,
1230 4414 1256 4464 q.
1272 4401 1314 4460 ta,
1328 4406 1376 4446 art.
1397 4400 1406 4445 l
1425 4395 1457 4446 ad

220 4475 324 4528 mittitur
340 4474 426 4528 indici
445 4474 506 4526 libr.
525 4471 724 4540 prohibitorum.

854 4474 881 4521 5.
900 4469 932 4520 Et
949 4468 1010 4519 huic
1028 4467 1169 4518 sentcntiae
1197 4463 1338 4515 adbaerent
1356 4471 1459 4528 praetor

248 4543 283 4609 (ὅ)
300 4546 341 4596 Cf.
359 4543 431 4610 Lego
444 4545 482 4594 Dc
492 4545 549 4604 tide,
561 4540 628 4607 disp.
649 4543 692 4603 t8,
710 4546 774 4590 sect.
786 4543 813 4601 t,
854 4537 937 4604 Lego,
949 4535 1054 4597 Suaren,
1068 4537 1206 4610 Canuspet
1223 4539 1311 4610 auctor
1327 4529 1460 4593 scrutinii,

219 4624 243 4658 u.
260 4617 300 4675 to,
316 4629 408 4682 arom,
422 4611 468 4681 qui
486 4610 565 4660 refert
577 4616 694 4659 auctores
706 4615 810 4658 conten·
853 4604 980 4672 nobisque
997 4603 1073 4652 etiam
1092 4599 1261 4652 verosimilior
1277 4596 1390 4649 videtur.

1327 4693 1361 4764 ’6
