3700 5659
390 441 452 502 256
871 460 909 504 ne
926 454 1073 506 cumcurn

389 548 463 608 ets.
485 544 566 606 tot
599 548 637 609 D.
662 545 764 608 Tradit
785 546 945 625 rationem,
988 545 1069 606 mnia
1083 543 1270 616 l·obiectioe,
1282 541 1313 604 id
1325 551 1382 620 est,
1397 545 1596 627 magisquam

348 650 442 712 quare
474 629 530 690 boc
560 629 729 690 dilectionis
756 641 946 712 praeceptum
987 638 1087 690 cetera
1103 626 1309 708 omnia;quia
1321 627 1365 688 illi
1381 628 1531 690 debemus
1545 633 1597 692 bo-

348 734 407 778 non
426 711 565 775 debuerit
579 713 656 774 inter
673 712 805 790 decalogi
822 733 946 794 praece·
987 732 1026 773 na
1055 711 1130 770 selle
1159 710 1293 784 maiora,
1317 711 1435 773 scilicet
1456 713 1594 776 diuinum

348 807 398 880 pta
416 797 637 872 connumerari,
659 797 708 873 C.;
727 797 815 858 tradit
831 799 946 859 nullum
987 814 1053 857 esse
1065 813 1100 854 ac
1115 793 1230 854 divinos
1246 793 1387 872 bonores;
1402 795 1435 855 2·
1451 805 1487 856 ut
1501 796 1593 883 etiaip

348 901 414 944 esse
429 880 600 942 distinctum
616 889 646 941 et
662 880 790 960 speciale
808 880 946 943 dilectio·
986 878 1127 956 diligatur
1147 878 1337 956 appretiatioe
1355 878 1461 954 magis,
1485 879 1517 940 id
1535 890 1591 958 est,

348 966 608 1046 nispraeceptum,
624 966 662 1026 N.
678 961 749 1024 Nam
768 965 796 1024 in
811 965 868 1026 boc
882 965 947 1046 ipso
988 973 1021 1024 ut
1039 960 1163 1022 ultimus
1182 960 1261 1036 linis,
1283 969 1313 1022 et
1334 961 1376 1022 ita
1398 962 1540 1036 tirmiter,
1561 974 1594 1026 ut

348 1048 473 1110 articulo
501 1047 683 1108 contrariom
710 1045 848 1124 adstruit,
869 1049 945 1110 scri·
987 1054 1107 1127 paratus
1131 1044 1169 1104 sit
1193 1045 1282 1105 bomo
1306 1044 1335 1104 vi
1357 1045 1450 1106 huius
1480 1048 1592 1109 amoris

349 1131 440 1193 bens:
462 1131 528 1192 ideo
553 1149 614 1192 non
630 1133 725 1194 solnm
743 1140 854 1210 oportet
878 1134 948 1194 dori
986 1127 1144 1190 adomnia
1165 1127 1359 1210 praestanda,
1379 1148 1458 1208 quae
1485 1149 1591 1191 neces-

345 1223 534 1294 proereptem
549 1215 583 1276 de
597 1215 752 1277 dilectione
767 1215 832 1291 Dei,
844 1218 893 1277 sed
906 1225 947 1278 et·
987 1213 1067 1274 saria
1093 1221 1163 1272 sunt
1185 1210 1223 1272 ad
1240 1211 1320 1272 bunc
1337 1212 1426 1273 linem
1447 1213 1592 1275 obtinen-

347 1300 407 1360 inm
432 1299 467 1359 de
491 1297 644 1359 dilectione
659 1299 809 1376 proximi,
827 1308 948 1377 propter
988 1295 1071 1373 dum,
1083 1303 1114 1357 et
1128 1294 1166 1356 ad
1178 1295 1415 1356 conservandum
1428 1297 1496 1357 eius
1510 1317 1593 1358 amo·

347 1383 448 1442 ntinrts
465 1398 581 1459 capaces
598 1381 649 1460 qni
663 1399 723 1443 non
740 1383 774 1442 de
784 1382 869 1460 sacili
880 1399 949 1442 con·
987 1397 1071 1452 rem,
1092 1378 1176 1440 etad
1195 1379 1370 1456 negligenda
1387 1380 1492 1440 omnia
1514 1400 1592 1460 quae

345 1466 480 1527 siderant
499 1466 948 1543 ntattmborumprueccptornm
987 1462 1057 1524 buic
1084 1462 1135 1522 dni
1165 1471 1348 1543 repugnant:
1376 1472 1406 1524 et
1431 1464 1510 1524 banc
1533 1465 1591 1526 vim

345 1550 400 1608 saed
421 1549 481 1607 ulio
498 1548 657 1607 coretineri.
679 1545 762 1608 Ratio
782 1565 872 1622 vero,
893 1567 948 1609 cur
988 1546 1100 1607 habent
1111 1546 1200 1607 verba
1212 1546 1274 1606 illa:
1290 1547 1341 1608 Ep
1351 1549 1510 1608 totocorde
1519 1556 1592 1609 eten

348 1631 468 1710 proprie
487 1648 546 1689 non
562 1630 750 1691 contineatur
766 1630 844 1692 inter
859 1650 948 1711 prae·
987 1637 1047 1690 totu
1062 1630 1176 1704 anieno,
1194 1629 1305 1709 quibus
1323 1630 1380 1689 hoc
1396 1640 1591 1710 praeceptum

346 1723 432 1793 cepta
451 1713 596 1790 decalogi,
610 1721 701 1774 eaest
715 1733 748 1774 ex
768 1733 793 1774 s.
811 1714 944 1790 doctore,
987 1714 1111 1774 ellertur
1125 1713 1187 1792 (t);
1207 1715 1238 1774 3⁰
1257 1720 1289 1773 ut
1304 1711 1446 1788 diligatur
1461 1715 1592 1792 affective

346 1816 435 1875 quiam
457 1797 545 1876 paolo
565 1805 633 1857 ante
656 1796 844 1874 adduximus,
866 1799 948 1878 qtiod
987 1805 1017 1857 et
1029 1815 1086 1857 tion
1100 1798 1197 1856 solum
1210 1797 1348 1875 effective,
1359 1796 1496 1876 alioquin
1509 1797 1592 1858 iuxta

317 1930 321 1934 .
346 1889 532 1959 supponatur
554 1888 696 1962 tanquam
720 1881 855 1942 omnium
875 1882 946 1943 lun·
987 1879 1066 1940 dicta
1083 1879 1317 1941 contunderetur
1331 1897 1399 1956 cum
1416 1880 1483 1960 ipsa
1497 1898 1591 1957 gene-

346 1962 531 2024 darnentum.
987 1963 1042 2024 rali
1062 1962 1270 2024 mandatorum
1290 1963 1518 2038 observatione,
1536 1983 1591 2039 ne,-

987 2065 1046 2125 que
1058 2055 1147 2118 esset,
1162 2054 1250 2126 prout
1265 2055 1418 2107 ostensum
1436 2055 1494 2121 est,
1504 2065 1593 2125 proe-

535 2131 709 2176 PR0P08ffl0
727 2131 758 2176 ¹¹·
987 2139 1100 2208 ceptum
1124 2130 1302 2192 distinctam
1322 2138 1352 2189 et
1367 2130 1503 2208 speciale.
1528 2129 1590 2203 lta-

347 2209 426 2264 Adest
447 2219 598 2276 pracceptum
626 2219 720 2276 suepiua
746 2216 855 2262 eliciendi
879 2218 948 2263 octat
987 2231 1046 2292 que
1066 2221 1167 2284 actus,
1187 2213 1237 2292 qui
1256 2212 1457 2292 praecipitur,
1479 2213 1591 2273 estin.

516 2284 628 2330 ⁶⁰'‘''‘'‘¹'¹
646 2286 671 2329 ¹³¹
689 2281 777 2331 Deum.
989 2305 1090 2356 ternus
1103 2295 1590 2372 allectusnoluntatisergalleum,

387 2379 461 2441 tte.
483 2379 649 2442 Constituto
670 2389 828 2460 praecepto
843 2381 950 2442 distin·
988 2398 1077 2458 quem
1096 2379 1123 2439 vi
1141 2380 1228 2440 istius
1250 2379 1402 2459 praecepti
1426 2378 1589 2441 identidem

345 2467 393 2522 cto
413 2471 443 2522 ct
460 2464 583 2542 speciali
602 2461 771 2524 dilectionis
788 2465 851 2540 Dei,
868 2466 949 2525 haud
988 2462 1097 2523 elicere
1114 2461 1271 2523 debemus.

346 2563 441 2623 pauca
469 2556 631 2624 supersunt
660 2547 837 2607 elucidanda
869 2548 950 2609 circa
1030 2545 1104 2606 251.
1132 2545 1208 2606 Dixi:
1235 2545 1382 2624 effective,
1404 2563 1466 2604 non
1492 2556 1591 2607 autem
1687 2586 1689 2609 i

348 2627 482 2688 eiusdem
500 2628 650 2709 praerepti
668 2629 865 2710 expletionem
885 2640 949 2693 tum
967 2659 969 2665 ¹
988 2629 1143 2705 intensive,
1165 2628 1236 2709 quia
1254 2629 1323 2689 licet
1341 2647 1376 2688 ex
1395 2628 1523 2689 consilio
1543 2629 1591 2689 in=

347 2711 446 2788 quoad
473 2729 505 2772 se
525 2721 585 2772 tum
607 2713 707 2792 quoad
731 2723 867 2794 tempus,
888 2734 949 2795 quio
966 2670 972 2757 i
989 2712 1103 2772 tensius
1115 2731 1175 2792 quo
1189 2711 1591 2792 possnrnuslleumdiligere

347 2802 452 2868 urgeat
471 2794 536 2856 eius
556 2795 710 2873 obligatio,
735 2805 796 2858 turn
821 2797 951 2878 denique
966 2760 973 2909 ί
990 2795 1076 2856 nobis
1104 2795 1277 2875 enitendum
1302 2794 1356 2870 sit,
1377 2802 1510 2855 attamen
1537 2795 1593 2856 hoc

348 2877 448 2956 quoad
479 2879 624 2940 rationem
655 2880 720 2941 eius
752 2881 947 2942 executionis.
989 2879 1046 2939 sub
1066 2885 1223 2959 praecepto
1245 2897 1303 2938 non
1322 2877 1418 2938 cadit:
1440 2879 1593 2958 tumquia

349 2957 432 3028 Quae
449 2961 569 3040 quidem
587 2963 803 3025 elucidationes
818 2965 952 3026 salebro·
990 2961 1127 3044 nuspiam
1140 2961 1289 3023 eiusmodi
1304 2970 1496 3041 praeceptum
1509 2981 1594 3040 repe-

348 3060 399 3103 sae
414 3054 485 3105 sunt
497 3045 534 3105 ob
549 3047 765 3107 sententiarum
778 3046 952 3128 discrepan-
990 3046 1077 3117 ritur,
1092 3054 1154 3105 tum
1175 3045 1246 3125 quia
1263 3045 1294 3105 in
1315 3045 1371 3105 bac
1388 3045 1448 3105 vita
1463 3046 1594 3124 perfecte

350 3125 434 3202 tiam,
450 3147 527 3206 quae
540 3128 619 3189 inter
631 3130 785 3207 theologos
795 3131 951 3208 vigetlle-
991 3128 1142 3189 observari
1161 3128 1276 3208 nequit,
1294 3136 1357 3189 turn
1375 3127 1446 3206 quia
1461 3127 1592 3208 denique

348 3208 446 3285 posita
458 3228 529 3270 vero
545 3213 627 3270 omni
641 3212 840 3274 contentionis
852 3223 952 3275 etstu·
991 3212 1110 3272 dillicile
1130 3211 1252 3272 omnino
1271 3212 1348 3272 locet
1373 3211 1486 3271 limites
1514 3212 1593 3271 assi-

350 3289 391 3348 dii
408 3300 502 3370 parte,
524 3293 595 3372 quid
615 3294 807 3356 verisimilius
822 3315 950 3358 censen·
989 3314 1081 3371 gnare
1100 3303 1130 3356 et
1146 3295 1268 3371 gradus,
1286 3293 1323 3356 ad
1338 3313 1414 3374 quos
1430 3294 1457 3353 vi
1473 3312 1594 3372 praece·

350 3370 419 3433 dum
432 3375 520 3436 nobis
531 3375 677 3452 videatur,
691 3395 873 3458 exponemus
890 3399 952 3441 ma·
992 3379 1033 3459 pti
1052 3378 1202 3440 eiusmodi
1219 3377 1349 3439 intensio
1367 3377 1525 3458 pervenire
1539 3379 1593 3439 de-

349 3453 426 3530 iori,
445 3476 504 3537 qua
526 3459 589 3520 deri
610 3461 719 3541 poterit
737 3462 898 3540 brevitate,
918 3471 952 3524 ut
992 3463 1075 3524 beret
1093 3462 1154 3542 (i).

350 3539 519 3618 theologiae
538 3543 703 3605 candidatis
721 3547 926 3608 consulamus.
1033 3545 1106 3607 252.
1127 3544 1186 3606 Sed
1204 3554 1237 3606 ut
1255 3544 1370 3626 aliquid
1386 3544 1447 3605 iam
1467 3544 1602 3628 attinga-¹

392 3623 465 3686 ⁶250.
488 3624 524 3687 Ut
546 3627 637 3703 igitur
655 3647 673 3689 a
691 3639 849 3710 praecepto
873 3630 951 3691 dile·
992 3647 1059 3690 mus
1086 3628 1122 3689 de
1151 3637 1302 3709 tempore,
1323 3648 1383 3708 quo
1403 3636 1489 3705 urget
1508 3629 1602 3719 eiust,¹

350 3705 458 3767 ctionis
477 3709 576 3788 quoad
594 3729 626 3772 se
650 3712 851 3790 exordiamur,
872 3713 952 3775 istud
993 3711 1072 3773 modi
1086 3711 1235 3792 praecepti
1247 3712 1402 3788 obligatio,
1416 3713 1595 3773 anteomuia

349 3786 503 3870 importat,
520 3801 553 3854 ut
571 3793 650 3856 oeus
666 3795 807 3873 diligatur
819 3815 910 3879 super
921 3817 954 3860 o·
993 3795 1212 3872 distinguamus
1234 3804 1351 3877 oportet
1367 3804 1481 3877 partem
1501 3813 1594 3873 nega-

347 3949 417 4001 ditur
444 3953 475 4003 ab
498 3954 587 4006 ordine
614 3955 645 4007 ad
665 3957 757 4020 lincm;
776 3957 843 4010 sicut
859 3961 880 4011 si
898 3959 951 4011 dux
992 3958 1104 4021 mnibus,
1122 3967 1151 4010 ut
1163 3957 1292 4010 diciturl.
1308 3957 1367 4010 Cor.
1382 3957 1441 4020 XV,
1453 3963 1499 4010 28.
1512 3958 1543 4011 lit
1555 3958 1596 4009 id·

347 4019 475 4092 parrcitus
485 4023 627 4089 praecipiat
640 4025 774 4087 militibus,
787 4036 951 4093 utpugncnt3
990 4043 1021 4077 co
1038 4028 1113 4094 plene
1130 4036 1156 4077 et
1168 4027 1281 4093 perlecto
1298 4026 1325 4076 in
1348 4027 1430 4092 patria
1444 4027 1596 4093 implebitur

347 4082 391 4131 rlle
412 4086 523 4148 perlecta
536 4089 624 4155 implet
642 4103 818 4158 praeceptum,
836 4096 881 4160 qui
900 4113 951 4162 pu-
992 4096 1038 4145 boc
1058 4104 1238 4160 praeceptum
1256 4095 1283 4144 in
1301 4094 1440 4143 vitantem
1458 4095 1593 4161 impletur,

347 4149 450 4224 gitanda
468 4151 950 4225 hostemvincit,quodduximeudm
990 4161 1034 4212 sed
1054 4161 1221 4228 imperiecte3
1246 4169 1272 4211 ct
1291 4168 1374 4209 taurian
1405 4162 1431 4211 in
1462 4162 1504 4211 via
1525 4171 1594 4211 tanto

346 4215 391 4264 ille
408 4226 491 4267 autem
513 4220 611 4286 implet,
629 4224 672 4273 scd
696 4227 856 4291 imperfecte,
876 4230 951 4279 cuins
991 4245 1060 4280 unus
1077 4231 1126 4278 alio
1144 4228 1284 4296 perfectius
1302 4227 1403 4293 implet,
1420 4237 1520 4294 quanto
1539 4245 1594 4279 ma·

345 4297 433 4350 pugna
450 4283 481 4334 ad
500 4286 633 4339 victoriam
653 4305 704 4340 non
731 4295 872 4359 pertingit,
898 4312 949 4346 rron
990 4299 1029 4362 gis
1046 4295 1145 4346 accedit
1169 4312 1215 4362 per
1237 4295 1375 4363 quamdam
1398 4294 1593 4347 similitudinem

345 4360 429 4400 tanuen
448 4363 535 4403 contra
549 4353 711 4421 disciplinam
731 4359 865 4410 militarem
884 4363 949 4427 agit.
990 4363 1021 4413 ad
1041 4364 1139 4429 patriae
1157 4363 1346 4429 perlectionem.

346 4417 458 4469 intrudit
475 4429 558 4472 autam
575 4421 642 4472 Deus
654 4439 700 4490 pcr
711 4422 758 4474 boc
771 4436 948 4492 pracceptum,
1039 4432 1063 4494 t)
1079 4431 1115 4481 tta
1133 4431 1238 4489 spuma,
1258 4429 1326 4496 disp.
1344 4434 1371 4490 a,
1387 4437 1453 4479 sect.
1471 4435 1498 4491 ἰ,
1525 4446 1552 4479 n.
1566 4435 1593 4481 t.

346 4494 375 4560 pt
394 4485 467 4536 homo
485 4487 532 4538 sibi
552 4490 665 4540 totaliter
683 4491 804 4556 uniatur3
821 4494 889 4560 quod
904 4495 948 4547 lict
1036 4499 1063 4564 ἢ)
1075 4497 1149 4562 Quane
1165 4498 1250 4547 omnir
1269 4499 1318 4547 late
1337 4498 1502 4563 prosequitur
1526 4507 1551 4548 et
1567 4513 1595 4548 o·

345 4555 476 4620 lupatria,
493 4556 596 4623 quando
615 4558 684 4609 licus
701 4559 751 4611 erit
767 4563 853 4612 cunda
872 4561 898 4613 in
916 4579 947 4614 o·
990 4565 1199 4629 stenditsuarca,
1219 4565 1237 4615 l.
1251 4580 1274 4616 c.
1284 4598 1293 4626 ,
1311 4580 1339 4615 n.
1352 4568 1378 4626 2,
1391 4569 1407 4614 ὅ
1420 4573 1447 4615 et
1458 4567 1486 4615 it·
