3700 5659
381 460 440 520 llb
898 469 937 512 ne
955 467 1022 512 rinc

329 568 428 634 sterio
440 567 501 648 (l).
518 564 598 630 Nihil
616 581 686 627 nero
703 562 797 626 relect
814 560 852 625 ad
869 561 936 624 lor·
979 561 1071 638 telligi
1090 570 1225 642 possunt,
1250 579 1358 642 nempe
1390 559 1427 622 de
1451 560 1505 640 iis,
1526 560 1570 643 qui

335 653 449 716 malem
467 651 534 714 eius
551 649 711 725 rationem,
728 647 790 709 sive
804 646 857 708 uni
875 645 939 707 sire
979 645 1048 706 fidei
1068 645 1320 726 praedicationem
1342 655 1499 726 respuunt,
1530 657 1571 707 ta-

335 735 478 819 pluribus
504 732 680 796 veritatibus
705 731 855 793 contraria
885 728 937 791 sit.
981 747 1048 791 rnen
1065 747 1097 791 se
1112 729 1151 790 ad
1165 747 1217 790 eos
1231 729 1321 790 etiam
1338 727 1512 804 extendunt,
1527 732 1571 810 qui

338 820 412 882 Nam
423 817 558 880 iormalis
567 815 701 878 haeresis
712 813 788 876 ratio
802 812 941 875 consistit
980 812 1140 874 admissam
1161 813 1254 873 semel
1270 812 1358 873 fidem
1375 821 1427 874 aut
1445 829 1480 874 ex
1495 821 1572 894 parte

332 905 370 966 in
380 901 642 984 oppositionccum
651 899 704 961 liei
718 895 942 959 ueritateetEc·
981 895 1203 972 denegantem
1218 896 1304 957 laede
1314 906 1461 958 temerant
1474 907 1504 958 et
1518 916 1575 958 cor-

334 987 451 1050 clesiae
469 983 694 1067 propositione,
721 1000 800 1062 quae
817 979 940 1060 quidem
981 989 1135 1061 rumpunt;
1156 979 1213 1055 his,
1235 979 1474 1059 inquann,etiam
1494 1000 1575 1062 prae-

335 1070 491 1153 oppositio
506 1086 603 1148 aeque
631 1066 771 1142 babetur,
790 1065 852 1126 sive
871 1064 941 1144 plu·
983 1064 1152 1136 termissis,
1176 1063 1288 1124 directe
1314 1072 1344 1124 et
1368 1063 1406 1124 ad
1437 1082 1502 1126 rem
1526 1083 1576 1125 no·

338 1174 390 1216 res
408 1154 470 1214 sive
489 1152 647 1234 pauciores
672 1148 789 1211 veritati
816 1147 942 1224 dogma·
982 1156 1073 1208 stram
1093 1147 1217 1222 iaciunt,
1238 1166 1315 1227 quae
1333 1147 1370 1208 ab
1390 1147 1532 1228 Apostolo
1557 1149 1577 1208 i·

342 1239 419 1301 ticae
435 1237 626 1300 adversantes
644 1250 765 1295 errores
782 1231 945 1293 admittau-
984 1231 1087 1292 ieratis
1102 1231 1217 1292 vicibus
1236 1231 1435 1307 inculcantur,
1454 1233 1497 1293 uti
1516 1251 1576 1293 cum

339 1330 403 1384 tur.
421 1319 453 1382 Si
472 1319 554 1400 quod
579 1316 744 1379 discrimen
769 1314 942 1397 reperitur,
984 1315 1015 1375 in
1034 1314 1058 1376 l.
1080 1314 1118 1376 ad
1132 1315 1263 1376 Timotb.
1284 1331 1325 1392 ιι,
1342 1316 1372 1391 1,
1392 1315 1411 1374 ‘i
1427 1315 1578 1396 praedicit,

342 1414 439 1467 totum
453 1412 588 1466 versatur
605 1401 686 1462 circa
708 1398 827 1461 obiecta
846 1406 944 1460 mate-
984 1399 1073 1475 lore,
1095 1405 1129 1460 ut
1146 1400 1296 1461 discedunt
1315 1399 1437 1476 quidem
1468 1418 1488 1462 c
1517 1401 1578 1480 lide,

339 1488 443 1560 rialia,
464 1505 519 1548 seu
537 1484 691 1561 veritates,
709 1482 821 1562 quibus
838 1482 945 1543 baere-
984 1483 1166 1545 attendentes
1198 1482 1354 1562 spiritibus
1391 1485 1527 1559 erroris,
1558 1493 1580 1545 ct

342 1572 449 1634 ticales
467 1587 586 1631 errores
603 1574 807 1648 opponuntur.
985 1567 1129 1629 doctrinis
1140 1568 1377 1642 doemoniorum,
1391 1567 1425 1628 ia
1438 1569 1582 1647 hypocrisi

392 1654 467 1716 483.
486 1651 572 1724 Quod
588 1670 659 1713 sero
677 1658 792 1730 spectat
815 1647 854 1711 ad
870 1648 946 1710 sub·
987 1650 1168 1728 boccalium
1184 1651 1383 1726 mendacium,
1398 1659 1426 1713 et
1440 1653 1582 1714 cauterio·

343 1738 457 1800 lectum
476 1747 510 1798 ut
532 1734 667 1799 formalis
690 1733 862 1796 haereticus
878 1732 948 1812 quis
988 1741 1048 1796 tom
1067 1735 1239 1797 doberniam
1256 1751 1343 1795 suum
1364 1736 1580 1797 conscientium.

347 1821 562 1898 constituatur,
579 1836 703 1882 necesse
725 1825 782 1894 est,
801 1826 835 1878 ut
852 1817 949 1878 scieu-
988 1815 1104 1887 Quibus
1121 1817 1220 1880 verbis
1240 1817 1407 1880 haereticos
1431 1819 1584 1880 inanileste

345 1914 395 1968 ter
414 1914 445 1967 et
458 1904 636 1977 deliberate,
655 1920 710 1964 seu
732 1902 883 1963 voluntate
913 1918 950 1961 ac
989 1901 1135 1978 designat:
1157 1901 1231 1962 item
1257 1919 1325 1962 curn
1356 1902 1392 1962 ad
1411 1901 1512 1963 Titum
1545 1921 1583 1977 ιιι,

342 1988 512 2070 pertinacia
527 1985 644 2050 veritati
666 1985 705 2048 ab
724 1985 857 2047 Ecclesia
876 2002 949 2065 pro·
992 1986 1043 2060 tu,
1060 1985 1096 2047 ll
1115 1984 1245 2046 scribit:
1272 1987 1462 2048 liuereticum
1498 1987 1586 2049 bomi-

348 2073 464 2154 positae
479 2072 619 2148 obsistat,
643 2069 838 2150 praeterendo
855 2067 952 2150 priua·
989 2087 1058 2131 nem
1073 2077 1139 2149 post
1154 2087 1247 2131 onom
1267 2077 1295 2131 et
1312 2072 1474 2132 secundom
1488 2089 1586 2134 corre·

348 2166 412 2220 tum
430 2156 577 2218 iudicium
599 2173 689 2216 suum
713 2152 866 2215 Ecclesiae
892 2171 951 2214 au·
987 2154 1119 2232 ptiouem
1130 2155 1240 2228 muita,
1259 2154 1365 2228 scieris,
1385 2155 1457 2232 quio
1473 2156 1587 2217 subuer-

344 2239 492 2302 ctoritati.
990 2255 1041 2298 sus
1058 2246 1112 2314 est,
1134 2239 1185 2315 uui
1201 2237 1346 2299 eiusruodi
1367 2247 1422 2309 est,
1443 2245 1470 2299 et
1493 2239 1586 2301 delin-

391 2323 466 2384 lut.
488 2320 603 2393 Quibus
621 2318 806 2401 praemissis,
824 2337 951 2398 pronum
992 2321 1067 2399 cuit,
1086 2337 1153 2382 cum
1169 2321 1208 2382 sit
1229 2322 1354 2400 proprio
1385 2322 1497 2384 iudicio
1526 2340 1588 2384 coro

348 2414 397 2470 est
418 2406 582 2484 colligere,
603 2404 764 2465 haereseos
796 2411 952 2482 peccatum
993 2405 1157 2466 ιιιιιιιιιιιιι.
1183 2405 1224 2466 dc
1243 2421 1280 2465 ne
1305 2405 1390 2484 plura
1412 2423 1586 2484 congeram,
1661 2466 1662 2470 ,

349 2508 417 2552 esse
434 2489 466 2550 in
482 2505 656 2566 goueresuo
672 2485 881 2565 grauissimum
896 2505 952 2548 seu
992 2487 1066 2549 satis
1078 2497 1123 2548 est
1137 2489 1241 2549 oeulos
1254 2487 1404 2549 conlisere
1418 2489 1449 2550 in
1465 2507 1588 2569 eaquae

346 2572 484 2636 deterius
498 2572 530 2633 iu
550 2569 703 2634 substrata
729 2569 856 2632 materia
879 2587 952 2650 pcc·
994 2570 1030 2632 de
1042 2571 1200 2633 haereticis
1211 2589 1377 2652 eorumque
1392 2573 1507 2635 malitia
1522 2572 1590 2634 scri-

351 2656 427 2718 catis
444 2655 586 2718 omuibus
609 2654 670 2734 (E).
689 2652 783 2734 idque
807 2652 953 2715 efficimus
994 2662 1117 2734 pserunt
1133 2654 1343 2735 Apostolorum
1364 2656 1504 2738 princeps
1517 2657 1590 2719 etd-

346 2739 504 2821 Scriptura
527 2739 621 2814 duce,
652 2736 867 2819 praeeuntibus
896 2757 951 2818 pa·
993 2739 1128 2820 postolus
1146 2737 1293 2818 ludas(b)
1312 2747 1345 2800 ut
1362 2741 1590 2820 quisqueintel-

351 2824 451 2886 tribus
465 2833 558 2905 atquc
575 2821 682 2884 intima
698 2821 744 2883 rei
762 2829 870 2883 natura
888 2840 957 2903 per·
996 2821 1078 2899 ligat,
1098 2839 1158 2902 quo
1176 2822 1302 2884 crimine
1319 2841 1352 2884 se
1371 2824 1588 2904 coinquinent,

352 2927 455 2990 pensa.
994 2905 1047 2986 qui
1078 2906 1218 2968 haereses
1240 2906 1406 2983 invehunt,
1427 2917 1527 2970 sectas
1549 2908 1591 2968 la-

394 2992 468 3054 485.
490 2986 587 3068 Sane,
618 2987 838 3070 praetermissis
863 2987 953 3050 etiam
996 2988 1098 3065 ciunt,
1119 2998 1148 3051 et
1167 2989 1219 3070 qui
1237 2989 1354 3051 deserta
1372 2991 1535 3068 Ecclesia,
1559 2989 1592 3051 ad

349 3073 546 3152 generalibus
579 3073 641 3134 illis
669 3072 823 3147 oraculis,
843 3072 955 3152 quibus
996 3073 1117 3134 illorum
1137 3091 1170 3135 se
1192 3084 1296 3135 coetus
1314 3075 1483 3138 conserunt.

354 3155 734 3236 absolutcpronuuciatur:
752 3156 955 3230 Quinoocre-
1039 3157 1113 3218 486.
1130 3157 1282 3220 Ecclesiae
1294 3167 1393 3220 autem
1408 3169 1510 3239 patres
1525 3177 1595 3220 non·
1619 3212 1623 3214 ,

350 3242 412 3317 dit,
435 3241 498 3302 lom
516 3239 792 3319 iudicatosestl3).
819 3238 879 3312 oet
895 3257 957 3301 noa
997 3258 1035 3302 ne
1053 3239 1159 3320 quovis
1193 3250 1327 3323 ternpore
1361 3243 1394 3303 in
1427 3238 1619 3305 haereticos¹

355 3324 525 3400 crediderit,
544 3323 790 3386 condemnabitur
801 3321 869 3401 (d),
886 3323 957 3403 quia
996 3323 1106 3386 invecti
1135 3334 1226 3401 sunt,
1261 3343 1375 3405 eosque
1410 3328 1595 3408 appellarunt

353 3408 393 3472 de
411 3407 588 3470 infidelitate
610 3405 737 3490 positiva
758 3405 879 3487 proprie
906 3407 957 3467 in·
993 3409 1410 3490 primopeoitossotouoeffi),
1426 3413 1539 3474 dioboli
1552 3413 1596 3471 ia·

385 3586 426 3659 (l)
444 3566 699 3651 Alisinensium,
722 3586 792 3639 baud
812 3587 956 3639 necessario
998 3588 1071 3642 uobis
1088 3565 1219 3652 oblatam,
1244 3592 1345 3658 aliaque
1357 3569 1482 3644 eiusmodi
1501 3591 1597 3643 doetri-

355 3659 456 3776 piaqpiri
467 3672 721 3775 aempdcrfiedaprasspm
728 3655 909 3774 1⁶⁰⁸¹⁰⁸²Jssffi
915 3655 959 3762 de:
998 3674 1045 3777 pao
1062 3659 1167 3776 “gomi
1182 3674 1248 3725 quaa
1260 3659 1305 3737 ‘ab
1328 3658 1439 3738 Ecclesia
1458 3661 1597 3712 eredeban-

352 3740 882 3870 ,ists,teettitllbttit
903 3740 958 3841 tl.
1010 3736 1542 3871 ”bimulis'titbaldum‚
1565 3794 1598 3871 a

350 3862 579 3978 pistoriumrquo
603 3857 706 3935 alequid¹
728 3865 848 3936 tauquam
865 3856 959 3936 deddc
999 3859 1104 3938 qupdcm
1140 3860 1299 3938 exploratum
1332 3871 1386 3924 est,
1417 3863 1523 3913 ion-male
1555 3861 1596 3910 liei

375 3937 490 3980 occatur.
508 3928 575 3978 bana
591 3942 651 3978 eum
664 3927 741 3978 Areua
758 3933 896 3977 insurrexit
911 3924 959 3975 ad·
999 3926 1087 3978 odeum
1105 3943 1210 3994 gravius
1227 3945 1281 3978 esse
1294 3939 1438 3996 peecatum,
1451 3945 1528 3997 ipsium
1541 3929 1597 3978 bne·

359 4010 447 4045 versus
468 3991 549 4044 divini
571 3991 650 4044 Verbi
667 3991 957 4044 corrsubatautialitatem
1000 3995 1126 4056 cessissit,
1149 3994 1181 4045 oh
1199 3996 1336 4061 specialem
1360 3996 1598 4048 malitiamdiaboli·

358 4078 418 4112 curn
430 4063 516 4123 Patre,
530 4060 562 4111 ab
575 4060 693 4110 universa
705 4058 817 4111 Ecclesia
828 4059 960 4110 iideslraec
1000 4079 1066 4122 eam,
1083 4077 1149 4130 quae
1167 4062 1203 4114 illi
1222 4062 1298 4114 inest.

353 4127 493 4179 tenebatur
513 4135 539 4178 et
567 4127 723 4188 docebatur,
751 4126 959 4194 adaequastiam
1034 4130 1072 4194 (3)
1092 4131 1127 4180 lo.
1147 4129 1192 4189 ΙΙΙ,
1212 4135 1253 4182 lu.

352 4205 419 4247 aista
442 4195 584 4246 Concilium
608 4196 743 4245 nicaenum
762 4203 883 4262 tanlquam
900 4194 956 4244 bne
1035 4195 1073 4262 (ll
1092 4195 1170 4247 Mace.
1185 4195 1255 4258 XVl,
1271 4201 1313 4248 lb.

354 4265 454 4315 rebeus
469 4259 564 4314 nebulo
582 4260 624 4312 illo
642 4261 814 4328 proclamatus
829 4272 877 4312 est.
892 4261 960 4312 idem
1036 4265 1074 4331 (5)
1086 4264 1119 4315 ΙΙ.
1135 4265 1202 4314 Pete,
1221 4281 1278 4332 cap.
1293 4270 1319 4326 ἓ,
1338 4265 1400 4315 item
1414 4263 1490 4315 ludas
1507 4266 1532 4316 in
1545 4263 1601 4330 Epi·

358 4330 401 4382 dic
418 4330 450 4382 de
462 4328 589 4392 Nestoris,
609 4345 668 4382 cum
686 4327 816 4395 duplicem
834 4332 861 4380 iu
884 4328 961 4382 Chri·
1001 4331 1064 4382 stola
1082 4347 1136 4397 aua,
1154 4333 1180 4383 iu
1199 4349 1248 4399 ‹pua
1268 4333 1320 4382 lere
1337 4332 1490 4383 adverbum
1509 4334 1601 4384 exscri-

354 4409 397 4450 sto
426 4413 560 4466 personam
583 4390 700 4458 induxit3
726 4405 801 4464 atquo
820 4405 848 4446 ut
866 4405 962 4448 eeteros
1003 4398 1050 4461 bit,
1074 4415 1140 4466 quae
1158 4401 1184 4450 iu
1208 4399 1321 4467 praelata
1345 4399 1413 4452 l'etri
1431 4401 1539 4469 epistola
1559 4397 1602 4451 ad-

357 4466 579 4532 praetermittam,
603 4465 759 4515 recentiores
776 4463 905 4514 Sociniani
924 4465 961 4517 uli
1003 4481 1092 4519 versus
1110 4467 1250 4518 haereticos
1262 4467 1400 4518 habentur.

356 4533 480 4585 baeretici
510 4531 590 4585 habiti
612 4539 673 4583 suut
694 4531 837 4582 inlicientes
863 4533 961 4584 sacrifi·
1037 4533 1074 4599 (6)
1093 4533 1120 4585 S.
1140 4536 1299 4600 Polycarpus
1317 4535 1398 4598 inop.
1420 4533 1451 4583 ntl
1470 4533 1603 4602 Philipp,

358 4601 429 4652 cium
447 4602 541 4666 crucis,
555 4598 754 4651 satisfactiouem
769 4615 784 4649 a
802 4599 902 4652 Christo
915 4617 961 4668 pro
1003 4617 1027 4652 c.
1041 4606 1066 4652 7.
1082 4601 1158 4670 Apud
1172 4603 1295 4665 Catullus,
1309 4611 1328 4653 ι.
1341 4605 1357 4653 2
1372 4601 1440 4653 Patr.
1455 4604 1563 4670 apostol.
