3700 5659
814 549 911 594 curun
929 549 961 593 v.
1430 539 1464 600 ll

263 653 390 729 prepter
405 661 482 725 quos
497 642 621 705 deberet
631 642 728 723 ipsum
741 641 872 703 aversari
912 641 1056 722 peditent,
1077 651 1226 725 quotquot
1254 663 1287 707 se
1309 645 1519 728 imprudenter

264 739 360 820 atque
373 745 529 809 respuere.
549 725 736 808 Quapropter
750 725 871 787 intelle·
911 726 1113 789 determinant
1130 729 1167 790 ad
1186 730 1369 808 peccandum
1386 749 1440 793 seu
1454 735 1521 792 vio-

265 823 335 891 ctps
354 812 467 890 indiget
491 811 619 893 imperio
637 810 819 886 voluntatis,
840 817 873 871 ut
912 811 1034 872 landum
1057 823 1268 893 praeceptum,
1289 815 1370 894 quud
1399 815 1516 877 bonurn

252 907 303 960 ‘ee
336 896 478 959 subiiciat
502 893 678 958 veritatibus
707 892 776 955 svdei
809 911 874 955 cre
912 907 1088 969 agnoscunt.
1114 895 1150 958 Ut
1169 898 1262 975 igitur
1290 899 1460 961 intellectus
1480 903 1517 962 tul

267 981 419 1042 dibilibus
444 976 578 1060 quidem,
599 977 700 1039 sedin
722 995 755 1038 se
774 986 873 1039 tamen
912 979 1136 1041 assentiendum
1157 979 1392 1059 determinetur,
1413 986 1516 1063 requi-

268 1064 409 1127 obscuris
427 1073 456 1125 et
472 1061 763 1138 inintelligibilibus,
785 1079 872 1122 secus
912 1062 989 1123 ritur
1007 1064 1165 1144 imperium
1182 1066 1353 1142 voluntatis,
1375 1068 1424 1147 piu
1442 1071 1515 1130 alle-

267 1168 306 1210 ac
324 1148 441 1224 accidat
454 1145 642 1208 inclinationi
660 1145 822 1206 voluntatis
841 1145 872 1206 iu
912 1155 962 1207 ctu
980 1157 1143 1226 permotae.
1158 1153 1163 1162 ‘

268 1231 378 1294 ordine
396 1231 435 1293 ab
458 1231 569 1292 bonum
585 1230 674 1291 etiam
691 1229 827 1309 partiale.
954 1229 1028 1292 tta.
1045 1231 1128 1293 ndu.
1146 1234 1183 1296 D.
1201 1231 1390 1294 Assentimux
1405 1243 1434 1295 et
1446 1252 1515 1294 cre·
1611 1287 1619 1303 ,

313 1316 388 1376 att.
403 1315 448 1375 Ad
463 1315 493 1376 3.
510 1318 549 1378 D.
566 1313 733 1374 Daemones
748 1312 873 1373 credunt
912 1313 1023 1390 dimus,
1044 1315 1158 1395 absque
1177 1316 1225 1395 pia
1243 1317 1399 1379 allectione
1418 1326 1447 1379 et
1467 1337 1519 1378 vu-

268 1399 331 1461 fide
350 1406 454 1460 coacta
477 1417 512 1460 ac
541 1415 600 1458 non
625 1396 817 1473 voluntaria,
838 1415 873 1457 uc
912 1398 1035 1460 luntatis
1061 1399 1210 1479 imperio,
1231 1402 1412 1463 sufficienter
1442 1419 1516 1480 pro-

268 1483 399 1564 proinde
417 1482 566 1553 naturali,
588 1481 637 1557 C.3
658 1479 825 1557 theologica
844 1488 873 1540 et
913 1482 1069 1561 positis‘ut
1091 1482 1242 1544 evidenter
1260 1484 1351 1546 simul
1380 1485 1516 1546 credibi-

268 1567 385 1643 inlusa,
404 1567 444 1631 Ν.
476 1565 562 1627 inviti
597 1565 678 1626 enim
712 1563 873 1626 daemones
913 1565 994 1626 libus
1013 1576 1043 1628 et
1062 1567 1216 1628 evidenter
1237 1568 1327 1644 veris,
1350 1569 1404 1645 C.;
1426 1577 1458 1630 ut
1481 1589 1518 1629 e-

269 1650 445 1712 creduutae
457 1647 871 1730 proptereacontremiscunt,
892 1618 895 1686 l
913 1647 1048 1711 videnter
1066 1651 1380 1731 solumcredibilibus,
1391 1655 1430 1717 N.
1448 1651 1520 1713 ldeo

268 1733 388 1795 inducti
409 1750 446 1795 ex
465 1733 583 1794 motivis
613 1731 820 1794 eredihiiitatis
845 1742 874 1792 et
914 1742 1015 1795 autem
1035 1735 1145 1814 passim
1161 1736 1386 1815 lactaxhumana
1401 1737 1520 1816 absque

269 1817 310 1879 de
325 1817 516 1879 revelationis
531 1816 649 1878 divinae
664 1815 820 1878 existentia
835 1816 874 1877 ob
914 1818 1041 1898 imperio
1059 1819 1219 1880 voluntatis
1232 1820 1431 1897 admittimus,
1447 1823 1518 1900 quin

270 1901 420 1963 moralem
447 1900 626 1962 evidentiam
655 1899 729 1961 certi
753 1900 873 1975 eflecti,
915 1910 1053 1963 cerrstant
1071 1903 1218 1964 evidentia
1235 1904 1341 1964 morali
1353 1905 1460 1966 saltem
1478 1915 1521 1964 te-

271 1985 347 2066 quin
374 1994 475 2046 tamen
493 2003 649 2046 assensum
682 1983 876 2063 appretiative
916 1986 1061 2062 stimonii,
1079 2005 1106 2046 e.
1125 2002 1153 2062 g.
1175 1984 1299 2047 Roriam
1324 1988 1462 2064 existere,
1484 2007 1518 2048 ne,

270 2085 425 2130 summum
457 2068 595 2131 revelatis
624 2068 799 2148 praebeant,
823 2067 877 2128 sed
913 2077 1152 2150 proptereauon
1171 2070 1269 2130 sulum
1299 2078 1333 2131 ut
1366 2071 1520 2132 evidenter·

270 2154 358 2214 iuxta
376 2151 585 2214 eredihiiitatis
605 2151 716 2212 motiva
746 2151 876 2212 naturali
917 2153 1084 2229 eredibilia,
1094 2171 1196 2214 verum
1216 2153 1306 2214 etiam
1319 2162 1353 2215 ut
1368 2155 1522 2216 evidentur

272 2236 392 2298 lumine
417 2236 551 2313 cognita3
572 2236 701 2315 ideoque
723 2235 806 2295 nullo
826 2234 877 2294 in·
916 2245 1214 2316 veraproponuntur.
1228 2235 1315 2307 Quod
1335 2238 1361 2299 si
1378 2240 1474 2300 solum
1488 2249 1525 2298 ut

271 2319 379 2395 'digent
393 2320 554 2382 voluntatis
572 2318 699 2400 imperio
710 2317 747 2385 ad
759 2318 800 2380 ita
814 2337 879 2380 cre·
918 2320 1087 2394 credibilia,
1107 2320 1159 2382 scd
1177 2339 1237 2382 uon
1250 2331 1283 2382 ut
1301 2321 1453 2384 evidenter
1468 2343 1524 2382 ve-

275 2403 433 2483 dendum(
456 2406 481 2484 ).
694 2446 698 2452 -
918 2424 952 2466 ra
971 2415 1220 2485 proponerentur,
1245 2407 1378 2486 prolecto
1402 2426 1461 2467 non
1480 2407 1524 2468 itu

317 2489 392 2549 att.
421 2488 464 2548 ad
482 2489 513 2548 l.
533 2488 609 2568 Nep.
630 2484 747 2548 Etenim
769 2484 879 2547 motiva
919 2489 1007 2550 facile
1022 2489 1237 2566 admittuntur,
1259 2499 1292 2551 ut
1314 2498 1395 2570 patet
1413 2509 1448 2552 ex
1475 2493 1523 2551 ln-

273 2570 487 2633 credibilitutis
506 2572 689 2633 sufficienter
719 2588 780 2630 uun
806 2587 878 2650 pro·
920 2573 975 2634 ctis
994 2573 1254 2649 extraordinariis,
1276 2575 1387 2653 quibus
1403 2576 1521 2635 nonnisi

276 2663 396 2736 ponunt
411 2655 576 2717 intellectui
589 2655 740 2716 obiectum
755 2654 880 2715 formale
920 2675 1009 2733 aegre
1025 2675 1166 2719 assensus
1185 2658 1346 2737 praebetur
1358 2659 1418 2738 (ἢ).
1441 2659 1526 2720 Talin·

277 2738 348 2800 fidei
373 2758 427 2801 seu
446 2740 601 2817 motivum,
622 2740 664 2800 ita
679 2745 712 2798 ut
730 2737 794 2798 siue
825 2757 881 2799 vo·
921 2750 1022 2803 autem
1041 2749 1110 2801 sunt
1140 2759 1217 2820 quae
1243 2741 1524 2824 credendaprepn-

275 2824 405 2885 luntatis
437 2823 563 2904 imperio
603 2830 812 2904 permoveatur
844 2820 882 2883 ad
921 2833 1035 2886 nuntur
1056 2843 1109 2904 per
1127 2825 1191 2885 sola
1210 2825 1418 2888 credibilitatis
1437 2828 1529 2886 moti-

278 2907 475 2984 credendum,
503 2927 557 2969 seu
589 2907 627 2969 ad
658 2904 881 2967 assentiendum
921 2927 968 2985 va,
984 2907 1065 2970 etde
1079 2925 1208 2987 quorum
1224 2908 1387 2970 intrinseca
1399 2909 1525 2970 veritate

282 2991 401 3054 obiecto
421 2992 571 3066 obscuro,
593 2988 763 3052 cuiusmodi
789 2998 879 3066 sunt,
922 2992 1011 3053 nobis
1026 3011 1085 3052 uon
1101 2999 1228 3067 coustat;
1246 3001 1278 3052 ut
1295 2993 1444 3070 omittam,
1460 2995 1528 3054 lon-

279 3095 357 3156 quae
384 3076 513 3137 subsunt
539 3074 620 3136 fidei.
647 3073 809 3135 illustratio
833 3092 884 3135 ve·
922 3095 958 3154 ge
978 3075 1103 3136 firmiori
1123 3093 1248 3137 assensu
1272 3077 1371 3150 credi,
1391 3096 1469 3156 quae
1488 3085 1525 3136 ti-

277 3179 312 3220 ro
337 3161 457 3221 interna
484 3161 581 3221 solnm
614 3178 650 3220 eo
673 3157 830 3233 dirigitur,
850 3165 884 3219 ut
923 3161 961 3222 de
979 3168 1199 3242 proponuntur,
1220 3177 1309 3239 quarn
1327 3162 1451 3240 quaevis
1465 3163 1527 3221 lvn-

276 3244 452 3306 intellectus
482 3245 665 3306 voluntatem
697 3241 821 3302 inclinet
846 3241 884 3303 ad
924 3263 1013 3306 mana
1032 3245 1120 3321 lacta;
1142 3245 1216 3305 haec
1237 3253 1334 3306 autern
1357 3245 1526 3306 maiorive-

278 3327 492 3408 imperandum
520 3345 695 3402 assensum,
719 3333 753 3385 ut
778 3325 827 3386 hic
846 3325 885 3387 sit
924 3329 1012 3390 mitas
1032 3349 1049 3390 a
1067 3329 1116 3409 pia
1134 3329 1294 3390 voluntatis
1306 3329 1463 3390 allectione
1477 3331 1528 3389 de-
1566 3387 1569 3396 ,

277 3411 532 3492 supernaturalis.
924 3413 1045 3494 pendet.

319 3495 395 3556 278.
420 3494 464 3555 Ad
484 3495 513 3555 5.
537 3497 644 3557 Trana
664 3491 737 3554 Nam
758 3511 827 3554 cum
850 3511 884 3554 e·
968 3497 1041 3558 280.
1071 3494 1108 3556 ll.
1134 3493 1202 3556 Obi.
1229 3493 1379 3557 Adversus
1402 3498 1525 3558 alteram

276 3579 414 3641 videntia
425 3578 634 3640 credibilitatis
649 3595 710 3637 non
729 3577 815 3638 tollat
827 3573 886 3638 'ob-
925 3587 1053 3659 partem:
1076 3581 1106 3638 l⁰
1123 3579 1197 3640 sides
1213 3588 1258 3640 est
1272 3579 1452 3659 principium
1466 3599 1529 3640 me-

278 3665 457 3725 scuritatem
481 3662 604 3736 obiecti,
624 3679 660 3722 eo
686 3661 752 3741 ipso
783 3679 887 3722 neces·
925 3663 977 3724 riti
996 3683 1030 3725 ac
1048 3663 1165 3738 salutiS,
1187 3680 1257 3740 ergo
1277 3663 1351 3724 tales
1378 3681 1437 3723 non
1459 3674 1528 3724 sunt

278 3747 361 3808 sario
380 3765 441 3807 non
456 3747 544 3827 rapit,
561 3765 615 3807 seu
634 3744 806 3805 necessario
825 3764 886 3806 non
927 3746 1223 3828 praedispositiones,
1238 3739 1322 3825 'quae
1341 3745 1428 3806 sidem
1445 3765 1531 3826 prue-¹

279 3831 464 3893 determinat
477 3831 661 3891 intellectum
678 3829 714 3888 ad
723 3829 887 3890 assentien·
928 3830 1047 3908 cedunt,
1064 3830 1178 3890 scilicet
1203 3829 1251 3909 pia
1273 3829 1390 3890 allectio
1409 3838 1438 3891 et
1457 3850 1527 3910 prn-

273 3914 366 3992 'dum,
382 3915 512 3996 ideoque
522 3914 633 3994 poterit
648 3909 754 3973 saltem
770 3912 886 3993 impru-
928 3915 1037 3976 cticum
1057 3913 1197 3975 credendi
1212 3912 1375 3990 iudicium3
1394 3913 1530 3994 alioquin

282 3998 391 4060 denter
421 3998 564 4059 cohibere
591 4005 644 4058 aut
667 3995 756 4056 etiam
778 4014 888 4073 negare
930 3999 1069 4060 meritum
1092 3998 1255 4060 haberetur
1274 4003 1343 4058 ante
1362 3996 1427 4059 eius
1446 3999 1529 4079 prin-

280 4100 454 4144 assensum.
471 4082 567 4144 Huius
580 4081 623 4143 rei
632 4080 800 4160 exemplum
815 4098 888 4161 sup·
929 4083 1055 4164 cipium,
1072 4082 1152 4162 quod
1167 4081 1226 4143 dici
1242 4081 1307 4142 sine
1322 4082 1534 4144 contradictio-

317 4282 357 4351 (l)
380 4280 442 4335 vid.
465 4284 579 4343 Suarez,
599 4279 695 4349 disput.
721 4283 748 4341 b,
773 4288 835 4332 sect.
855 4284 888 4344 c,
931 4281 972 4343 tis,
991 4281 1034 4332 sed
1054 4298 1082 4330 eu
1109 4279 1228 4342 irrident,
1246 4296 1293 4332 nee
1312 4279 1453 4348 dignentur
1470 4282 1534 4345 qui-

274 4354 313 4400 ἰι
339 4354 365 4400 7.
931 4347 989 4398 dem
1019 4348 1184 4399 fundamenta
1212 4346 1336 4399 eiusmodi
1371 4348 1535 4398 certitudinis

320 4416 360 4483 (2)
386 4414 471 4465 Huius
500 4415 536 4464 rei
556 4414 698 4481 exeuvplum
717 4412 791 4464 nobis
807 4414 891 4482 quoti·
931 4414 1085 4484 expendere.
1110 4417 1179 4481 Quin
1209 4419 1317 4466 etiamn
1342 4416 1420 4480 priori
1439 4432 1537 4466 eorun-

286 4479 329 4531 die
349 4481 475 4549 praebent
494 4482 615 4532 baeretici
634 4492 659 4532 et
677 4481 825 4543 inereduli,
846 4482 890 4548 qui
932 4483 990 4534 dem
1009 4483 1238 4550 impossibilitatem
1266 4491 1392 4534 statuunt.
1418 4481 1487 4546 Qu'nt
1507 4501 1537 4532 u·

285 4565 336 4598 nnn
355 4550 439 4600 solum
458 4565 510 4618 pon
535 4548 644 4600 eredunt
668 4549 809 4609 miraculis,
827 4565 891 4614 quae
932 4549 1046 4618 gendum
1070 4567 1128 4601 cum
1145 4550 1270 4601 eiusmodi
1290 4549 1536 4602 tvonnntbnstt'nut

285 4616 431 4667 nuvvrimnda
451 4616 606 4667 certitudine
636 4626 754 4667 constant
777 4633 805 4665 ex
831 4633 891 4680 pro-
933 4627 993 4670 sum
1011 4617 1299 4685 ducesquccuucovuru.

286 4685 412 4746 cessibus,
433 4686 593 4736 severissimo
607 4685 723 4735 exunvine
740 4683 891 4752 comproba·
