3700 5659
335 607 338 614 ,
422 537 484 602 238
907 545 946 590 nn
963 545 1107 591 clnrrurn

380 653 457 715 ritus
475 655 534 722 est,
554 644 664 725 illoque
679 661 718 707 ec
741 642 799 705 Deo
820 647 881 715 cst,
905 647 933 700 el
950 639 984 701 in
1024 639 1056 700 in
1075 640 1312 722 Decrepugnal,
1333 663 1405 708 cum
1431 647 1496 728 pati
1513 659 1543 712 el
1558 653 1621 715 ado·
1666 637 1667 690 ἶ

382 736 465 798 noim
483 732 515 796 id
534 733 609 812 opit,
626 738 658 792 ut
677 729 711 790 iu
727 728 983 800 lleomuoeomur,
1025 722 1157 804 ptiooem
1182 725 1253 788 boni
1280 748 1341 791 nou
1365 732 1509 812 possessi
1533 747 1620 817 optare

381 831 407 884 ct
426 817 538 898 ipsein
557 815 652 889 nolis,
670 822 698 874 et
716 813 769 874 illc
791 811 860 872 inde
877 824 987 888 coquo·
1024 817 1166 889 nequeat,
1187 829 1222 871 ac
1239 823 1401 894 propterea
1422 815 1496 878 ilias
1512 818 1620 885 virtutes

381 907 500 977 scimus,
516 901 587 979 quio
602 899 638 962 de
650 898 762 978 spiritu
774 912 827 957 ulto
839 893 920 955 dedit
932 909 986 953 oo·
1026 891 1057 953 in
1076 893 1163 955 nobis
1182 902 1214 956 ul
1228 913 1349 959 causam
1365 899 1555 964 effectricem
1568 924 1621 986 pro·

384 991 446 1060 lis,
466 989 525 1062 ipse
547 985 673 1063 spiritus
697 987 737 1042 est
760 981 838 1042 Deus
861 976 983 1038 coritas.
1025 975 1147 1054 ducere3
1168 988 1273 1042 contra
1290 1000 1359 1044 uero
1384 983 1549 1047 caritatem
1567 1008 1621 1052 esse

383 1075 496 1139 Deinde
512 1070 538 1130 ut
556 1069 599 1162 iq
612 1067 698 1130 donis
718 1064 770 1126 Dei
788 1061 865 1124 nillil
888 1062 986 1122 moine
1026 1059 1120 1123 Deum
1152 1061 1320 1126 formaliter
1346 1075 1376 1128 et
1412 1070 1621 1149 essentialiter,

384 1168 424 1220 est
444 1155 581 1224 emitote,
596 1161 621 1212 et
637 1151 755 1213 curulium
766 1148 863 1209 mutuo
874 1145 986 1206 donum
1026 1154 1115 1226 prout
1133 1155 1179 1208 est
1192 1148 1316 1228 spiritus
1335 1151 1388 1232 qui
1410 1169 1450 1212 ex
1469 1152 1558 1216 dictis
1576 1177 1622 1218 una

386 1242 440 1306 ilci
455 1249 507 1314 cst,
524 1255 613 1316 quum
628 1235 759 1315 Spiritus
770 1237 901 1293 sanctiue:
915 1229 987 1307 quid
1026 1247 1095 1291 cum
1110 1229 1234 1293 caritate
1248 1242 1349 1296 creata
1363 1254 1422 1298 seu
1436 1246 1621 1316 praeteream

386 1322 622 1402 coruseqoentius,
644 1335 733 1398 quom
750 1324 781 1376 ut
801 1315 862 1394 ipsc
878 1313 916 1374 cit
933 1331 986 1374 co·
1026 1313 1115 1376 nobis
1133 1315 1296 1378 confertur.

386 1411 474 1481 ritus,
486 1407 538 1486 qui
555 1405 705 1486 dicituret
722 1402 799 1462 Deus
815 1406 844 1460 cl
859 1399 988 1459 exiled?
1070 1399 1142 1460 173.
1164 1398 1201 1460 ll.
1222 1397 1290 1462 Obi.
1309 1402 1339 1462 l⁰
1358 1400 1388 1465 Si
1411 1403 1540 1482 caritas,
1559 1427 1622 1487 quae

361 1525 363 1531 v
387 1493 429 1556 Ne
444 1511 514 1554 uero
532 1489 649 1550 dicatur
663 1506 690 1548 s.
707 1485 859 1545 doctorem
875 1499 912 1542 en
924 1489 988 1541 tan·
1028 1482 1116 1543 nobis
1130 1481 1218 1561 inest,
1231 1494 1332 1548 creata
1346 1496 1443 1565 esset,
1462 1507 1525 1550 non
1539 1502 1620 1571 posset

389 1588 452 1640 tum
468 1593 558 1637 sensu
576 1571 743 1652 appellasse
761 1566 902 1647 Spiritum
920 1583 989 1625 san·
1027 1585 1083 1628 nos
1097 1567 1256 1630 arauilale
1271 1569 1416 1649 liberare,
1431 1591 1491 1634 nec
1506 1573 1563 1635 Deo
1576 1576 1621 1655 pri·

389 1671 469 1722 ctum
488 1657 654 1733 caritatem,
669 1652 750 1734 qnod
763 1670 829 1713 earn
843 1649 988 1731 producat
1028 1669 1095 1712 mae
1112 1651 1230 1713 ueritati
1247 1655 1446 1732 coniungere,
1468 1656 1582 1719 dicente
1595 1679 1622 1719 a·

389 1747 420 1808 in
434 1743 532 1814 nobis,
546 1739 657 1802 ibidem
672 1757 738 1818 cap.
749 1753 806 1796 surr
821 1732 986 1809 constitnit,
1029 1735 1241 1815 postolullom.
1257 1755 1321 1816 virt,
1331 1740 1385 1802 20:
1405 1738 1544 1804 Vanitati
1557 1760 1623 1805 erce

390 1848 450 1892 nun
466 1827 610 1890 italicum
624 1822 723 1884 uocari
735 1820 889 1882 caritatem
902 1825 991 1899 prout
1031 1829 1103 1882 turo
1132 1822 1261 1884 subiecto
1286 1833 1339 1885 cut.
1368 1823 1432 1886 Sed
1462 1826 1570 1888 caritas
1594 1846 1621 1886 u-

390 1915 420 1975 in
436 1913 492 1982 Ps,
502 1930 556 1972 uxr
574 1909 650 1970 Dens
665 1906 774 1968 dicitur
794 1921 856 1982 spec
871 1911 988 1978 nostro,
1030 1912 1172 1985 trumque
1183 1916 1324 1985 praestat.
1339 1908 1418 1985 Ergo
1427 1909 1549 1986 caritas,
1559 1930 1620 1990 quac

390 2006 444 2062 aret
470 1995 615 2076 pollentio
642 2000 766 2054 nostru:
791 2007 870 2068 quae
890 2007 908 2048 a
930 1985 991 2047 neo
1031 1987 1062 2048 in
1074 1989 1161 2050 nobis
1174 1998 1230 2065 est,
1248 1991 1380 2055 increata
1391 2001 1455 2069 est,
1467 2013 1502 2054 ac
1515 1994 1621 2074 proinde

391 2091 472 2157 suut,
490 2080 541 2142 sed
558 2098 594 2139 co
613 2096 717 2148 sensu,
733 2092 794 2155 quo
813 2071 993 2149 diciturapi·
1032 2070 1163 2153 Spiritus
1180 2085 1303 2137 sauctus
1320 2086 1376 2138 cst.
1395 2078 1432 2138 2⁰
1448 2075 1525 2139 Hinc
1537 2097 1560 2139 s.
1575 2079 1621 2138 Au·

391 2168 488 2240 ritus,
509 2163 561 2244 qui
580 2179 649 2224 uere
673 2169 703 2222 et
724 2156 891 2220 formaliter
912 2155 992 2218 Deus
1032 2158 1619 2242 goslinuscuncludit‚Spiritumsanctum

392 2259 448 2312 est.
470 2250 557 2326 Ergo.
1033 2261 1068 2302 ex
1087 2261 1135 2320 eo,
1156 2243 1271 2323 quoda
1287 2246 1420 2308 uanitate
1438 2265 1494 2308 nus
1509 2253 1617 2326 separet,

434 2333 524 2414 Resp.
548 2333 583 2394 ll.
608 2329 700 2390 liocet
722 2324 919 2403 Augustinus,
940 2342 994 2384 ca·
1034 2334 1064 2387 et
1090 2326 1150 2388 Deo
1178 2327 1292 2408 primae
1317 2330 1440 2392 ueritati
1467 2337 1615 2400 connectat,

393 2418 512 2480 ritatem
532 2415 693 2476 fraternam
713 2430 779 2473 esse
793 2411 946 2470 caritatem
965 2415 995 2467 el
1035 2429 1094 2471 non
1109 2430 1175 2473 esse
1191 2421 1359 2475 creaturam
1372 2414 1438 2494 (2).
1457 2415 1490 2476 3θ
1505 2411 1617 2487 Accedit,
1670 2347 1672 2475 Ι

395 2502 507 2576 Deum,
528 2506 562 2559 ut
583 2515 706 2558 causam
733 2493 916 2570 effectivam,
943 2493 992 2567 C.;
1035 2495 1116 2574 qood
1138 2515 1227 2558 omne
1251 2507 1384 2560 creatum
1407 2498 1555 2579 quaedam
1575 2516 1617 2556 na·

395 2584 564 2659 formalem,
585 2581 623 2644 N.
973 2658 980 2671 ·
1036 2588 1101 2640 tura
1120 2580 1174 2656 sit,
1199 2599 1234 2642 ac
1262 2590 1421 2662 propterea
1448 2581 1617 2663 nequitesse
1670 2556 1672 2659 l

440 2671 512 2730 llo.
529 2666 605 2728 Hinc
619 2683 672 2747 per
686 2663 815 2746 primum
832 2669 945 2723 lentum
956 2678 997 2720 sr-
1035 2663 1215 2743 principium
1235 2667 1345 2745 meriti,
1365 2667 1409 2729 uti
1430 2667 1567 2729 adversus
1580 2682 1616 2743 pe·

397 2754 516 2833 gnificat
536 2769 563 2814 s.
583 2750 708 2826 doctor,
728 2766 782 2830 per
804 2746 995 2808 dilectionem
1036 2748 1169 2823 lagianos
1194 2749 1281 2810 docel
1304 2751 1446 2813 ecclesia.
1470 2750 1556 2830 Atqui
1576 2767 1615 2808 ca-
1670 2816 1672 2819 ¹

396 2849 526 2900 creatam
555 2855 609 2896 nus
635 2851 755 2896 manere
775 2831 805 2892 in
825 2831 904 2907 lieo,
924 2828 996 2910 quia
1035 2831 1108 2893 ritas
1132 2842 1179 2894 est
1207 2833 1385 2916 principium
1416 2835 1529 2897 meriti.
1556 2831 1616 2906 nm

398 2922 518 2984 dilectio
539 2921 681 2995 increata,
702 2935 780 2998 quae
799 2916 876 2977 fleus
887 2924 944 2989 est,
962 2913 997 2974 il·
1036 2925 1136 2978 creata
1154 2936 1214 2978 non
1236 2928 1292 2979 est.

397 3007 456 3068 lam
483 3006 571 3067 uobis
594 3003 709 3066 confert
730 3010 760 3064 et
781 2999 995 3073 connnunical,
1079 3002 1151 3062 tlt.
1171 3001 1260 3082 Resp.
1282 3003 1368 3064 adl.
1389 3005 1428 3065 D.
1447 3001 1483 3064 Vi
1502 3021 1562 3075 sua,
1577 2999 1613 3072 dc
1670 3006 1672 3011 '

397 3090 469 3171 quia
488 3089 526 3150 ab
544 3107 580 3150 co
598 3096 654 3148 est.
1036 3084 1145 3147 virtute
1155 3085 1208 3147 Ilei
1221 3087 1335 3162 agentis
1347 3087 1458 3149 infiniti
1473 3087 1516 3148 illi
1529 3083 1612 3155 indita,

441 3174 514 3234 tlt.
530 3171 561 3232 ln
576 3172 669 3232 altero
685 3177 765 3230 textu
777 3167 998 3244 docel,utram-
1036 3170 1075 3233 N.
1097 3167 1145 3230 Sic
1161 3170 1342 3250 propositam
1359 3172 1560 3234 difficultatem
1571 3165 1615 3227 sol·
1670 3194 1672 3203 ·

399 3275 458 3337 que
477 3255 666 3316 dilectionem
682 3272 700 3314 a
720 3253 874 3326 Decesse,
896 3250 998 3330 quiet
1036 3254 1077 3315 uit
1094 3272 1120 3315 s.
1140 3253 1283 3331 Thomas,
1301 3255 1419 3318 dicens:
1438 3255 1553 3320 Caritas
1565 3265 1612 3329 upt-

399 3340 589 3402 dilectiouem
615 3343 745 3398 creatam
771 3335 860 3396 nuliis
882 3333 948 3407 dat,
968 3344 998 3396 el
1036 3347 1126 3400 rolur
1154 3339 1345 3418 formaliter:
1377 3340 1507 3420 efficacia
1536 3342 1614 3398 uulm
1670 3382 1672 3397 .

399 3425 589 3486 dilectionem
602 3421 777 3496 increatam,
792 3438 869 3500 quae
881 3417 998 3499 estSpi·
1035 3422 1151 3501 formae
1168 3431 1209 3484 eat
1226 3425 1389 3486 secundum
1399 3425 1613 3498 virtutemque·

399 3510 475 3570 ritus
490 3517 622 3583 sanctus,
637 3524 727 3586 qoem
743 3521 881 3566 unacum
898 3511 999 3565 creata
1037 3507 1085 3582 tis,
1102 3508 1155 3587 qui
1164 3507 1280 3569 iodrtcil
1292 3510 1433 3588 formula.
1452 3509 1492 3572 Et
1506 3505 1563 3568 tto
1574 3516 1613 3579 pn
1670 3568 1672 3589 Ι

399 3594 512 3676 pariter
523 3589 680 3667 nobisdat,
692 3596 794 3670 utpote
808 3588 874 3650 eins
885 3586 996 3649 donum
1036 3599 1093 3666 tet,
1115 3592 1193 3670 quod
1217 3593 1328 3654 corilus
1354 3611 1415 3654 ooo
1443 3601 1484 3655 est
1505 3586 1609 3652 nocitos.

400 3696 453 3758 per
469 3677 597 3738 divinam
614 3673 785 3736 missionem
801 3673 839 3734 ad
854 3681 948 3749 extra,
966 3682 999 3734 ut
1038 3675 1096 3738 Sed
1113 3675 1184 3755 quio
1206 3676 1279 3755 fucit
1306 3677 1440 3756 effectum
1466 3671 1608 3755 inlinitum,

399 3781 454 3823 sou
473 3763 539 3823 loco
558 3766 709 3840 exponunt
731 3756 859 3833 theologi
874 3755 935 3835 (l).
955 3756 997 3818 En
1037 3776 1103 3821 cum
1120 3760 1276 3838 coniuoqit
1294 3761 1427 3823 ultimum
1446 3750 1611 3834 neomumlr
1670 3760 1672 3779 '

399 3865 460 3927 quo
474 3845 641 3919 conficitur,
658 3849 775 3924 praeter
788 3841 899 3902 donum
915 3858 999 3902 crea·
1036 3845 1132 3906 cundo
1150 3844 1265 3923 ipsum,
1286 3845 1338 3906 loc
1357 3845 1535 3906 demomdrul
1554 3834 1608 3913 infi-

400 3941 462 3992 tum
493 3949 546 3991 seu
565 3927 732 4000 caritatem,
756 3925 885 3987 conferri
910 3925 998 3986 nobis
1036 3928 1295 3990 oitolcmcirtulis
1309 3929 1609 4009 dictampnum
1670 3954 1672 3969 ι

400 4013 546 4074 donorum
565 4011 699 4073 omnium
722 4011 896 4088 maximum,
917 4009 999 4090 quud
1036 4013 1136 4074 ritulis
1153 4020 1256 4074 nudor
1270 4012 1332 4092 (3).

400 4105 446 4159 est
463 4094 589 4175 Spiritus
611 4104 743 4156 sanctus.
1080 4096 1153 4157 175.
1172 4095 1217 4157 Ad
1234 4095 1266 4157 2.
1290 4097 1324 4159 D.
1346 4095 1389 4158 Ex
1407 4114 1443 4158 eo
1468 4089 1542 4176 quud
1555 4082 1607 4165 Spi-

444 4179 515 4240 tlt.
532 4176 635 4248 Quoad
648 4177 766 4238 tertium
779 4177 999 4240 obiectumter-
1037 4179 1113 4242 ritus
1130 4188 1252 4242 sanctus
1270 4179 1330 4242 duo
1351 4179 1403 4242 illa
1421 4171 1555 4242 efficiatvi
1566 4183 1606 4230 sut

399 4272 463 4326 lum
480 4262 644 4338 significat,
660 4259 753 4322 Deum
772 4279 831 4321 non
851 4280 916 4322 esse
934 4263 998 4322 for·
1037 4264 1200 4342 concludit,
1221 4283 1281 4325 nun
1300 4282 1366 4326 esse
1381 4273 1549 4333 creaturam,
1566 4253 1603 4323 Ci

399 4349 509 4412 malem
535 4343 708 4427 patientiam
727 4353 779 4406 ant
796 4363 896 4424 spem,
917 4345 999 4426 quod
1037 4347 1117 4410 idem
1140 4347 1350 4425 concluderet,
1371 4347 1398 4409 si
1414 4348 1446 4410 id
1463 4343 1608 4429 operandtr

435 4499 472 4566 (l)
488 4497 516 4548 ln
529 4501 603 4545 tract.
618 4491 653 4544 Dc
663 4490 755 4544 Trimal.
767 4492 864 4543 Caritas
880 4489 999 4546 snbstan-
1072 4495 1110 4565 (ἑ)
1128 4496 1185 4549 Lib.
1205 4502 1216 4550 l
1233 4500 1269 4549 Dc
1287 4500 1394 4548 mortius
1415 4496 1545 4554 nouato,
1561 4494 1606 4547 οῬ·

400 4566 469 4619 tinlis
481 4573 520 4615 ost
537 4561 568 4613 nd
587 4563 652 4612 iutra
666 4561 778 4627 Spiritus
789 4570 902 4624 sanctus,
916 4570 942 4613 et
952 4579 999 4630 per
1039 4569 1081 4629 le,
1093 4581 1121 4616 n.
1135 4570 1177 4616 23.

401 4632 632 4713 apquqoqurintiopcrn
650 4628 681 4680 ud
700 4638 781 4708 extra,
800 4637 825 4680 et
839 4629 944 4700 insuper
952 4649 999 4700 per
1072 4633 1111 4702 (ὅ)
1129 4632 1165 4698 ll,
1182 4635 1209 4696 2,
1221 4648 1248 4701 q.
1262 4636 1308 4697 nt,
1326 4640 1376 4685 art.
1395 4629 1452 4682 ind
1465 4635 1489 4683 3.

400 4717 552 4754 nrrssruucnr.
564 4697 605 4751 tl.
618 4696 650 4748 de
663 4695 767 4759 Rubem,
786 4713 810 4750 c.
824 4702 850 4750 5.
