3700 5659
356 431 418 496 262
840 436 878 481 ne
896 433 1041 482 canneru

319 561 410 623 opera
423 536 601 613 infidelium,
620 534 672 617 qui
688 532 784 596 Deum
798 540 832 593 ut
847 531 918 592 ulti·
956 530 982 591 si
997 530 1078 592 iuxta
1093 539 1206 594 rectam
1221 532 1370 599 rationem
1387 547 1561 621 operentvu;

318 645 402 688 mum
420 625 510 686 finem
529 621 686 698 ignorant,
704 616 826 679 totidem
850 633 917 676 esse
957 613 989 674 2⁰
1007 613 1045 676 ad
1062 634 1168 678 omues
1197 617 1376 682 christianos
1395 625 1559 704 pertinere,
1615 611 1626 636 ³

318 719 450 790 peccata.
472 704 503 768 Si
521 712 676 787 praeterea
707 719 808 782 opera,
840 717 917 779 quae
957 716 1017 758 nou
1035 697 1131 761 iustos
1157 708 1289 780 tautum,
1308 705 1475 769 sedetiam
1494 728 1562 788 pec-

319 792 501 854 elicerentur
518 789 634 868 absque
662 785 787 848 caritate
816 781 916 844 domi·
957 789 1094 844 catores:
1116 803 1186 846 nam
1204 795 1422 866 peccatoreset
1435 804 1562 871 possunt

319 886 410 940 naute
421 894 475 937 seu
487 873 665 954 imperante,
675 867 835 950 etquidem
849 885 919 950 pro·
958 873 987 928 et
1004 874 1143 930 tenentur
1155 868 1250 931 Deum
1267 875 1480 952 superomnia
1499 875 1564 938 dili-

318 961 410 1037 xime,
430 965 530 1020 essent
545 956 650 1018 saltem
668 951 825 1015 venialiter
851 969 919 1032 pee-
957 967 1049 1028 gere,
1079 970 1115 1012 ae
1141 970 1175 1014 se
1206 972 1336 1035 suasque
1356 957 1500 1021 actiones
1527 962 1564 1022 ad

319 1044 473 1108 caminosa
489 1039 639 1117 negative,
664 1047 840 1118 sequeretur
865 1052 918 1096 ea·
958 1033 1053 1096 Deum
1072 1035 1197 1097 referre.

319 1128 387 1190 dem
405 1126 521 1188 ratione
536 1129 727 1204 peccatorum
747 1137 849 1201 opera,
866 1118 919 1214 qpi
1002 1117 1075 1180 272.
1092 1117 1143 1180 111.
1158 1119 1203 1182 Ad
1222 1120 1281 1184 hoc
1299 1134 1496 1206 praeceptum
1509 1126 1565 1189 im-

320 1231 357 1274 ea
372 1210 505 1272 destituti
524 1215 604 1284 sunt,
625 1223 692 1267 esse
711 1204 816 1266 saltem
842 1221 921 1283 parl-
960 1200 1100 1282 plcndum
1119 1222 1179 1264 nou
1194 1205 1307 1284 requiri
1328 1208 1490 1270 caritatem
1511 1211 1566 1272 ha·

322 1305 368 1356 ter
386 1293 521 1370 negative
540 1291 630 1352 mala.
648 1287 696 1350 Sic
713 1287 815 1365 etiam,
836 1285 861 1347 si
875 1286 921 1346 iu·
962 1284 1118 1364 bitualem,
1135 1305 1189 1349 seu
1202 1289 1454 1370 sanctificantem,
1466 1313 1568 1374 neque

322 1379 359 1440 sti
379 1397 414 1440 en
431 1374 557 1458 imperio
579 1371 712 1434 caritatis
731 1389 791 1431 non
820 1369 921 1431 omnia
961 1369 1075 1450 requiri
1095 1389 1214 1451 semper
1242 1373 1398 1436 caritatem
1417 1379 1569 1439 actualem

321 1463 465 1524 elicerent
483 1475 574 1540 opera
596 1475 661 1532 sua,
682 1453 824 1516 destituta
847 1453 921 1514 hacc
962 1454 1137 1532 perlectam,
1166 1454 1219 1515 sed
1240 1455 1447 1536 imperfectam
1478 1461 1569 1522 etiam

322 1547 421 1606 forent
438 1539 641 1605 omnimerito
660 1539 698 1600 ad
715 1538 804 1599 vitam
821 1545 921 1599 aeter·
963 1535 1143 1617 quandoque
1177 1540 1341 1618 sufficere,
1377 1561 1438 1622 qua
1474 1545 1567 1606 homo

322 1647 412 1704 nam;
432 1627 506 1703 imo,
525 1631 558 1685 ut
572 1621 785 1704 supradictum
806 1629 862 1700 est,
874 1637 924 1682 ve·
963 1619 1034 1681 velit
1061 1619 1155 1682 Deum
1187 1641 1276 1703 super
1307 1626 1410 1687 ornnia
1428 1627 1568 1705 diligere,

323 1711 445 1774 nialiter
462 1709 566 1771 saltem
583 1713 751 1788 peccarent.

365 1795 439 1856 269.
466 1791 550 1864 Quae
580 1790 682 1852 omnia
712 1798 922 1870 praeterquam

325 1878 406 1960 quod
424 1897 442 1939 a
460 1874 614 1938 communi
632 1874 838 1952 theologorum
867 1873 923 1934 do-

324 1962 420 2024 ctrina
448 1961 611 2022 abhorrent
639 1966 729 2038 atque
755 1957 922 2020 addelium

325 2065 428 2122 sensu,
442 2044 533 2106 nimis
551 2041 693 2105 accedere
708 2040 846 2103 videntur
860 2039 925 2102 Baii

326 2149 361 2192 ao
379 2128 621 2191 iansenianorum
638 2124 790 2187 doctrinae
803 2125 840 2187 ab
856 2144 928 2206 apo·

326 2213 432 2276 stolioa
446 2211 517 2274 sede
530 2212 673 2272 conlisae.
690 2207 835 2279 Quocirca
853 2227 927 2269 cen-

327 2313 448 2372 semus,
470 2295 507 2357 ad
539 2293 684 2355 maiorem
714 2292 805 2354 huius
835 2309 927 2368 argu-

328 2374 925 2456 meutidilucidationemconstituiposse:

371 2461 444 2524 ulo.
465 2460 489 2521 l.
508 2460 571 2521 Hoc
590 2466 780 2539 praeceptum
797 2477 858 2538 quo
877 2458 928 2519 iu-

330 2545 438 2608 bemur
447 2543 548 2604 omnia
567 2561 657 2623 opera
669 2549 771 2603 nostre
785 2541 822 2602 ad
834 2541 929 2603 Deum

330 2647 364 2690 ex
382 2628 506 2690 caritate
525 2626 656 2701 referre,
677 2625 715 2686 ad
746 2625 841 2702 legem
858 2643 929 2702 gra·

330 2712 389 2774 tiae
404 2711 566 2793 pertinere,
587 2727 621 2771 ao
639 2707 766 2790 proinde
788 2708 825 2770 ad
845 2707 929 2770 ordi·

331 2815 400 2858 nem
423 2794 693 2876 supernaturalem,
720 2791 751 2854 in
779 2811 839 2872 quo
856 2812 930 2853 con-

333 2879 428 2978 stituti
446 2897 551 2941 sumus
566 2895 620 2958 per
637 2877 724 2938 fidem
745 2884 774 2938 et
791 2877 929 2952 gratiam.

334 2963 378 3024 Ex
398 2982 458 3044 quo
474 2963 622 3042 sequitur,
639 2961 811 3023 nullatenus
829 2961 931 3021 affice·

330 3065 364 3108 re
392 3047 528 3108 ordinem
546 3045 697 3107 actionum
717 3043 929 3122 humanarum,

965 1721 1095 1784 eumque
1112 1713 1145 1766 ut
1158 1705 1249 1768 finem
1267 1707 1406 1770 ultimum
1421 1710 1481 1771 sibi
1499 1731 1572 1791 pro-

965 1788 1096 1867 positum
1132 1791 1361 1871 contempletur.
1399 1791 1487 1856 Unde
1521 1814 1572 1856 se-

966 1871 1083 1950 quitur,
1103 1892 1155 1934 eos
1173 1874 1271 1936 solum
1299 1886 1474 1955 peccatores
1492 1879 1572 1939 haud

965 1973 1054 2034 posse
1085 1957 1154 2018 huic
1185 1969 1345 2040 praecepto
1377 1961 1570 2036 satisfacere,

967 2038 1016 2118 qui
1048 2040 1194 2102 creaturis
1234 2051 1325 2122 atque
1361 2046 1495 2124 peccatis
1530 2046 1573 2107 ita

966 2122 1139 2201 inhaerent,
1159 2132 1192 2186 ut
1214 2126 1336 2188 omnino
1357 2129 1455 2188 nolint
1471 2129 1512 2190 ab
1533 2130 1572 2190 iis

967 2207 1100 2287 separari
1119 2209 1203 2270 etad
1221 2208 1314 2272 Deum
1333 2212 1479 2272 converti.

1009 2291 1083 2351 273.
1102 2290 1151 2352 lV.
1182 2291 1245 2354 Hoc
1262 2302 1454 2375 praeceptum
1473 2295 1514 2356 ab
1532 2296 1570 2357 iis

969 2373 1109 2436 omnibus
1126 2394 1195 2438 vere
1219 2376 1359 2457 impleri,
1391 2379 1443 2458 qui
1473 2379 1569 2440 Deum

969 2477 1060 2538 super
1076 2459 1178 2520 omnia
1192 2459 1318 2535 diligunt
1329 2471 1360 2522 et
1370 2462 1483 2523 debitis
1498 2471 1574 2524 tem·

969 2542 1092 2622 poribus
1110 2551 1192 2604 actus
1206 2544 1339 2606 caritatis
1358 2555 1510 2606 exercent.
1536 2547 1572 2607 lli

970 2624 1063 2703 enim,
1083 2644 1119 2687 eo
1139 2626 1202 2706 ipso
1226 2627 1307 2706 quod
1325 2639 1395 2690 suut
1415 2629 1454 2690 ad
1474 2629 1569 2691 Deum

970 2718 1051 2769 recte
1064 2709 1192 2771 ordinati
1199 2712 1244 2771 vel
1252 2713 1357 2774 saltem
1373 2713 1573 2774 connituntur

970 2811 1003 2853 se
1018 2792 1169 2869 ordinare,
1186 2813 1222 2854 ea
1236 2794 1326 2856 etiam
1345 2814 1423 2876 quae
1436 2805 1522 2858 recte
1537 2817 1573 2858 a·

970 2883 1054 2952 gunt,
1075 2877 1113 2937 ad
1125 2876 1219 2938 Deum
1239 2878 1379 2940 ordinare
1393 2889 1569 2941 censentur.

1013 2960 1086 3020 ult.
1100 2958 1135 3020 V.
1155 2959 1291 3023 Ceterum
1303 2964 1412 3024 multos
1424 2981 1572 3044 essepro-

971 3044 1026 3105 dus
1040 3045 1233 3124 perfectionis
1259 3045 1293 3106 in
1320 3046 1377 3108 hoc
1409 3055 1571 3127 praecepto

333 3139 481 3210 quatenus
500 3136 533 3190 ut
548 3145 622 3208 pure
640 3126 770 3188 morales
791 3127 931 3188 conside·
971 3127 1127 3188 servando.
1153 3127 1194 3188 De
1221 3129 1350 3208 puritate
1381 3130 1570 3207 intentionis,

331 3221 447 3274 rantur.
464 3211 548 3272 Actio
560 3210 649 3286 igitur
662 3228 871 3290 quaecumque
886 3229 932 3271 re·
972 3228 1031 3289 qua
1045 3211 1178 3272 actiones
1198 3230 1303 3274 omues
1331 3222 1361 3274 et
1386 3214 1526 3290 singulae
1542 3215 1573 3274 iu

333 3303 399 3358 ctae
417 3293 527 3355 rationi
544 3311 710 3370 congruens
732 3301 795 3353 tum
816 3292 932 3354 ratione
971 3292 1064 3354 Deum
1084 3293 1252 3370 diriguntur
1266 3306 1455 3377 perspectum
1471 3307 1573 3371 estex

332 3379 379 3440 sui
397 3387 460 3440 tum
488 3377 604 3439 ratione
622 3376 689 3437 finis
717 3375 866 3457 proximi,
884 3384 931 3437 ta·
970 3375 1039 3438 vitis
1057 3386 1228 3439 sanctorum
1249 3388 1341 3460 atque
1368 3399 1404 3442 ex
1422 3381 1573 3443 ascetico-

332 3462 421 3524 metsi
441 3480 501 3524 non
516 3480 551 3522 ex
573 3459 696 3522 caritate
708 3467 857 3540 suscepta,
875 3459 933 3520 erit
971 3478 1036 3521 rum
1055 3461 1210 3542 principiis
1224 3481 1260 3524 ac
1282 3464 1430 3526 doctriua.
1457 3463 1575 3535 Quibus

331 3545 487 3608 moraliter
507 3545 602 3622 bona,
624 3545 695 3624 quia
727 3562 792 3606 eam
815 3543 933 3606 bonita—
970 3544 1077 3624 positis
1092 3545 1131 3606 sit
1524 3576 1530 3585 ·

332 3640 392 3692 tem
407 3630 507 3707 habet,
524 3647 601 3710 quae
612 3627 670 3710 ipsi
684 3627 869 3708 competitio
885 3646 933 3688 or·
1135 3683 1139 3686 .

333 3713 404 3774 dine
426 3713 545 3789 morali3
565 3712 622 3774 erit
636 3721 736 3774 tamen
759 3710 932 3792 imperfecte
1148 3713 1324 3758 PR⁰P⁰S¹T¹0
1347 3713 1389 3759 Ν·

333 3797 412 3860 bona
427 3796 458 3859 in
478 3796 582 3858 ordine
594 3796 825 3878 supernaturali,
841 3803 932 3876 utpo-
971 3805 1130 3871 Procoeton
1140 3827 1187 3873 quo
1207 3815 1316 3861 remmus
1331 3814 1425 3874 rerem
1441 3829 1528 3865 mo
1541 3829 1574 3862 a·

333 3891 364 3942 te
380 3899 485 3943 carens
504 3879 675 3942 conditione
696 3877 878 3956 necessaria,
900 3885 934 3939 ut
1005 3880 1094 3958 ergone·
1116 3880 1261 3959 retroactae
1273 3878 1397 3940 caueam,
1416 3896 1465 3930 ποι
1483 3893 1519 3931 0⁸¹
1535 3885 1573 3930 dt·

334 3964 374 4025 sit
392 3971 532 4026 aeternae
552 3963 745 4026 beatitudinis
764 3961 930 4025 meritoria.
1004 3948 1116 3993 «tamtam
1130 3961 1146 4023 ¹¹.
1158 3950 1413 4026 ⁰⁰5¹‘“'¹?¹’.'⁰‘⁶‘1’‘⁰⁹
1434 3953 1508 4012 “²⁴⁸⁶
1529 3964 1574 4012 W

377 4046 435 4107 w
472 4046 497 4106 H
534 4046 597 4107 Hoc
621 4055 810 4128 praeceptum
837 4045 932 4127 perti·
1007 4015 1412 4076 octuscoratotrasotvstmpletur.

336 4146 408 4190 nere
422 4128 460 4189 ad
475 4147 579 4190 omnes
597 4130 649 4208 qui
660 4131 725 4209 lege
739 4130 852 4206 gratiae
863 4149 934 4191 ron·
1014 4128 1089 4190 275.
1106 4125 1218 4192 Sensus
1233 4129 1448 4212 propositionis
1462 4138 1510 4192 est
1522 4130 1575 4192 iu·

337 4211 478 4289 timentur,
492 4219 522 4272 et
536 4211 587 4292 qui
604 4212 635 4272 iu
653 4213 718 4288 lege
735 4213 848 4289 gratiae
865 4221 934 4274 sunt
972 4219 1021 4274 xta
1036 4215 1214 4293 praemissa,
1234 4224 1267 4277 ut
1284 4215 1357 4276 satis
1379 4214 1420 4276 sit
1443 4215 1482 4276 ad
1517 4215 1575 4276 im·

336 4295 400 4357 eius
419 4293 554 4377 capaces.
575 4295 617 4356 Ex
644 4313 703 4374 quo
735 4297 881 4376 sequitur,
903 4297 935 4356 1⁰
972 4296 1112 4376 plendum
1137 4306 1348 4378 praeceptum,
1368 4298 1519 4360 referendi
1537 4317 1576 4359 o·

337 4379 472 4442 infideles
492 4380 598 4442 saltem
625 4377 777 4455 negativos
798 4377 934 4439 eiusdem
974 4398 1058 4441 mnes
1075 4380 1209 4443 actiones
1222 4381 1449 4459 inlleum,illas
1463 4383 1575 4452 elicere

324 4463 573 4540 'transgressione
596 4462 720 4524 minime
744 4461 859 4539 teneri,
879 4479 935 4523 nec
973 4481 1008 4524 cr
1027 4472 1112 4544 parte
1129 4465 1282 4546 operantis
1304 4483 1342 4528 ex
1359 4465 1499 4543 generice
1518 4465 1571 4526 illo

338 4547 496 4627 quicquam
517 4548 636 4625 obesse,
662 4565 705 4608 ,ne
723 4554 805 4608 recte
832 4553 933 4624 agant,
972 4556 1132 4630 praecepto
1147 4568 1207 4631 quo
1219 4558 1356 4612 tenemur
1370 4549 1407 4610 ad
1420 4549 1515 4610 Deum
1531 4548 1576 4609 di·
