3700 5659
763 493 857 538 curor
873 495 913 539 rv.
1385 481 1420 543 nt

260 576 326 639 231³
357 577 381 638 l.
410 576 477 640 Obi.
507 582 537 641 l⁰
554 582 709 644 Eiusmodi
732 585 823 646 certi·
866 591 924 649 riat
947 587 1155 652 certitudinem
1182 609 1236 653 seu
1262 589 1467 667 evidentiam,

217 661 293 756 tudo
309 663 483 756 omnimoda
499 684 552 727 seu
573 667 721 728 evidentia
732 669 827 730 credi·
867 690 945 751 quae
961 673 1082 736 inducat
1099 674 1137 735 ad
1164 675 1370 751 credendum;
1391 682 1470 734 atta·

219 745 351 806 lnlrtatrs
369 755 500 810 autnon
518 750 624 828 datur,
644 757 707 828 ant,
728 752 753 812 si
772 753 827 813 da·
867 773 936 816 men
954 765 1036 818 tanta
1055 758 1176 818 illorum
1196 760 1239 819 vis
1257 767 1314 834 est,
1335 758 1360 819 si
1380 757 1472 818 simul

219 838 284 906 tur,
301 840 421 892 nonest
439 833 826 898 omnibusaccommodata:
868 849 1050 920 spectentur,
1070 849 1102 902 ut
1120 859 1210 904 sanae
1228 841 1338 904 mentis
1356 840 1473 902 bomini

220 915 255 972 2⁰
274 931 339 974 non
353 912 440 976 datur
453 961 461 992 ,
476 936 545 978 cnm
569 917 605 980 de
625 918 746 980 motivis
764 919 829 981 sin·
869 941 1027 986 assensum
1050 933 1266 1005 extorqueant,
1288 925 1314 986 si
1340 926 1415 1002 rite,
1439 933 1474 985 ut

220 996 304 1090 gulis
323 996 456 1060 dubitari
474 1001 581 1083 possit,
598 1022 644 1064 ev.
664 1003 831 1081 111111-
871 1025 924 1088 par
942 1015 999 1085 est,
1018 1027 1054 1070 ea
1072 1009 1245 1091 perpendat.
1267 1009 1365 1090 Atque
1384 1018 1417 1070 ut
1436 1007 1476 1068 ad

222 1089 317 1142 ritate
334 1083 549 1147 miraculorum
568 1094 598 1146 et
607 1086 829 1165 vaticiniorum,
870 1090 988 1167 singula
1007 1091 1209 1154 deveniamus.

224 1164 264 1225 de
283 1173 450 1261 martyrum
474 1169 675 1249 fortitudine,
695 1179 797 1232 utrum
815 1189 833 1232 a
912 1176 988 1236 136.
1000 1174 1079 1237 Fieri
1093 1176 1311 1258 utiquepotest‚
1323 1174 1476 1238 tumutde

224 1250 363 1310 naturali
380 1270 471 1314 causa
485 1255 665 1334 provenerit,
681 1263 734 1316 aut
750 1275 769 1317 a
784 1274 834 1316 su·
872 1258 975 1339 aliquo
991 1258 1136 1322 miraculo
1152 1261 1183 1320 in
1198 1260 1371 1340 particulari
1389 1259 1479 1320 dubi·

226 1336 429 1414 pernaturali,
442 1338 566 1417 perinde
581 1358 616 1400 ac
634 1339 671 1400 de
689 1338 835 1401 ecclesiae
875 1343 930 1405 tari
953 1341 1067 1422 possit,
1090 1363 1158 1406 oum
1183 1345 1228 1406 vel
1257 1344 1478 1406 confundamus

227 1417 408 1511 dilatatione
419 1439 455 1482 ac
470 1422 694 1502 perduratione,
706 1423 836 1502 aliisque
874 1445 978 1488 verum
995 1445 1063 1489 cum
1089 1429 1163 1489 lalso
1183 1428 1339 1504 miraculo,
1360 1427 1479 1508 quoda

226 1503 405 1581 eiusmodi,
426 1506 457 1566 3⁰
485 1507 660 1586 praesertim
686 1526 754 1568 cum
785 1514 837 1568 aut
876 1510 1022 1573 daemone
1048 1520 1099 1573 aut
1129 1511 1354 1592 praestigiatore
1377 1519 1479 1592 patra·

229 1585 363 1679 omnia,
410 1597 463 1651 aut
506 1591 649 1672 pleraque
688 1589 838 1652 eiusmodi
877 1602 941 1656 turn
960 1594 1009 1671 sit,
1022 1603 1051 1656 et
1065 1595 1106 1656 ita
1124 1613 1225 1676 porro.
1240 1595 1386 1658 Verumsi
1403 1613 1480 1654 con-

229 1687 321 1745 signa
356 1690 411 1734 seu
443 1675 553 1736 motiva
581 1675 754 1737 communia
779 1674 840 1736 sint
878 1678 1026 1740 sideretur
1044 1679 1222 1740 miraculum
1241 1687 1271 1740 et
1292 1680 1323 1740 in
1342 1698 1397 1741 sua
1424 1695 1482 1738 na-

231 1753 410 1847 infidelibus
439 1767 469 1819 et
494 1759 676 1837 haereticis,
707 1759 740 1820 4⁰
769 1756 841 1839 quia
881 1771 947 1824 tura
967 1763 1014 1842 (l)
1038 1763 1112 1824 etin
1132 1763 1272 1825 omnibus
1290 1763 1354 1825 suis
1370 1761 1482 1824 adinn-

232 1856 260 1896 sv
280 1838 384 1919 reipsa
405 1840 554 1920 daretur,
579 1845 699 1905 tolleret
721 1843 843 1904 liberta·
881 1847 937 1908 ctis
964 1846 1024 1926 (1),
1046 1847 1070 1907 si
1090 1847 1265 1926 praesertim
1293 1848 1378 1927 plura
1398 1846 1484 1907 eius-

235 1933 298 1981 tem
330 1942 585 2004 assensus,com
616 1927 786 1988 intellectus
804 1926 842 1988 ab
882 1931 949 1993 dem
964 1930 1083 2006 generis
1100 1931 1177 1991 lacta
1198 1931 1235 1991 ad
1249 1931 1375 1991 eundem
1392 1930 1483 1990 finem

234 2005 389 2069 evidentia
424 2009 462 2071 ad
497 2011 720 2073 assentiendum
752 2029 843 2089 coga—
882 2014 1065 2094 conspirent,
1083 2022 1113 2074 et
1126 2015 1252 2075 alterum
1276 2015 1403 2074 alterum
1421 2012 1487 2073 sus·

236 2101 299 2168 tur;
323 2091 355 2152 5⁰
373 2092 510 2174 adeoque
528 2096 685 2157 tolleretur
702 2104 733 2156 et
751 2094 844 2156 meri·
884 2098 1008 2174 sulciat3
1033 2097 1228 2178 impossibilis
1257 2105 1302 2158 est
1333 2097 1483 2176 deceptio.

238 2185 319 2253 tum,
341 2177 422 2256 quod
452 2197 521 2240 cum
548 2180 726 2242 necessitate
741 2178 844 2240 consi·
884 2181 969 2243 Talia
986 2188 1086 2242 autem
1105 2190 1186 2258 sunt,
1203 2199 1281 2261 quae
1300 2181 1487 2262 adstipulan-

237 2272 321 2321 stere
336 2261 453 2341 nequit:
478 2264 510 2324 6⁰
531 2283 636 2325 omnes
662 2263 843 2338 crederent,
885 2275 935 2328 tur
971 2265 1152 2327 christianae
1180 2265 1367 2326 revelationi.
1401 2263 1488 2336 Quod
1547 2320 1549 2325 .

239 2344 325 2424 quod
337 2354 438 2406 tamen
457 2355 502 2408 est
518 2357 623 2409 eontra
634 2347 845 2428 experientiam
886 2351 998 2412 dictum
1022 2358 1067 2410 est
1082 2349 1118 2410 de
1137 2347 1314 2428 miraculis,
1335 2348 1400 2430 pari
1422 2349 1489 2409 iure

242 2438 285 2490 tot
319 2428 545 2492 incredulorum
573 2441 603 2494 et
626 2432 846 2493 baereticorum
887 2433 1047 2496 dicendum
1070 2433 1107 2494 de
1124 2432 1283 2495 vaticiniis

241 2522 272 2574 et
288 2513 480 2592 infidelium,
501 2516 554 2596 qui
571 2515 715 2577 maiorem
730 2514 848 2591 generis
931 2519 1004 2580 eet.
1024 2515 1073 2578 Sic
1094 2517 1207 2595 etiam,
1235 2518 1316 2598 quod
1344 2535 1422 2578 unus
1441 2516 1489 2577 vel

243 2598 371 2659 humani
390 2608 505 2678 partem
525 2600 721 2661 constituunt.
748 2601 778 2660 7⁰
792 2597 849 2660 Sed
889 2603 965 2663 alter
983 2609 1093 2681 martyr
1109 2601 1266 2663 occumbat
1280 2620 1333 2682 pro
1355 2601 1430 2662 salsa
1445 2619 1494 2660 re-

244 2691 415 2762 praeterea,
431 2684 498 2745 data
510 2684 599 2745 etiam
617 2683 673 2745 bao
688 2682 846 2758 evidentia,
889 2686 1022 2764 ligione,
1056 2693 1154 2765 potest
1181 2685 1363 2762 contingere.
1384 2685 1436 2744 Ast
1466 2683 1493 2744 si

245 2785 306 2826 non
320 2775 369 2828 est
380 2767 522 2830 omnibus
534 2767 770 2830 accommodata:
781 2785 849 2828 nam
891 2774 1065 2848 martyrium
1097 2769 1127 2829 in
1156 2778 1295 2829 concreto
1321 2775 1491 2849 spectetur,

248 2850 332 2928 pueri
351 2869 388 2911 ac
407 2851 498 2913 rudes
527 2851 621 2913 adulti
647 2851 783 2913 infideles
801 2850 850 2910 in·
891 2853 1008 2914 ratione
1022 2851 1125 2913 babita
1145 2860 1207 2913 tum
1224 2851 1415 2928 motivi,·tum
1431 2861 1494 2911 m'o·

252 2951 373 3012 capaces
396 2945 467 2996 sunt
484 2935 632 2997 eiusmodi
660 2935 849 3011 evidentiae,
893 2937 944 3014 di,
976 2945 1038 2997 tum
1068 2935 1161 2998 animi
1183 2935 1410 3016 dispositionis,
1431 2943 1495 2996 tum

254 3035 343 3095 quam
360 3037 422 3080 non
441 3020 628 3101 percipiunt:
652 3022 683 3080 8ο
701 3020 745 3080 1111
763 3018 854 3095 igitur
893 3038 1102 3102 personarum,
1122 3039 1156 3080 ac
1171 3019 1290 3080 demum
1310 3019 1497 3081 constantiae

251 3120 355 3163 omnes
370 3103 529 3165 crederent
544 3105 610 3166 sine
628 3103 808 3165 certitudine
825 3110 856 3163 et
894 3114 985 3185 atque
1011 3104 1139 3182 ingentis
1162 3103 1363 3166 multitudinis
1392 3104 1497 3183 quovis

250 3186 412 3264 evidentia,
433 3187 492 3248 nisi
510 3189 648 3264 velimus,
666 3187 855 3269 praedicato·
896 3198 1041 3270 tempore,
1052 3189 1178 3265 fructus,
1193 3188 1498 3269 prodigiorum,quae

250 3289 298 3331 res
313 3289 422 3332 omnes
437 3271 547 3334 debere
562 3291 663 3336 coram
682 3271 855 3333 infidelibus
896 3273 1059 3334 identidem
1076 3273 1216 3353 martyria
1233 3273 1375 3333 comitata
1402 3279 1497 3347 sunt,

249 3374 326 3416 nova
346 3354 437 3417 edere
466 3356 636 3435 miracula,
662 3355 743 3436 quod
766 3373 855 3418 nemo
896 3357 962 3419 fieri
982 3357 1097 3437 nequit,
1119 3365 1153 3418 ut
1167 3375 1234 3418 cum
1260 3357 1361 3418 lurore
1382 3363 1499 3435 tempo-

249 3439 341 3500 dicet.
365 3439 455 3516 Ergo.
897 3461 989 3504 raneo
1002 3442 1216 3502 nonnullorum
1229 3439 1425 3501 fanaticorum
1435 3458 1502 3518 per-

291 3523 371 3585 131.
395 3521 485 3605 Resp.
511 3523 549 3586 ad
579 3525 608 3586 l.
638 3526 713 3606 Nep.
734 3531 857 3586 antece·
898 3526 1070 3601 misceatur,
1092 3533 1122 3585 et
1144 3543 1203 3584 non
1226 3523 1365 3584 exhibeat
1381 3523 1499 3582 illustre

249 3607 326 3668 dens
344 3608 447 3687 quoad
465 3617 627 3690 utrumque
645 3608 828 3671 membrum.
898 3608 1102 3672 testimonium
1114 3605 1499 3685 divinaerevelationis(3).

293 3691 372 3753 235.
393 3691 438 3752 Ad
457 3692 488 3754 2.
513 3712 568 3754 seu
587 3693 624 3754 ad
652 3695 682 3754 1.
703 3692 790 3774 prob.
818 3693 855 3754 D.
941 3691 1180 3754 1311111111
1202 3690 1238 3750 de
1258 3689 1402 3751 ecclesiae
1420 3688 1499 3748 dila-

249 3774 394 3837 Dubitari
417 3786 514 3857 potest
539 3778 575 3840 de
595 3776 714 3838 motivis
732 3775 859 3853 singulis
899 3777 1011 3838 tatione
1028 3794 1062 3837 11
1080 3775 1301 3856 perduratione,
1325 3792 1402 3853 quae
1416 3771 1505 3833 intel-

250 3879 393 3922 seorsum
414 3860 561 3941 sumptis,
586 3863 650 3938 Tr.;
667 3860 758 3922 simul
773 3878 858 3920 sum·
899 3861 951 3938 ligi
964 3860 1074 3922 debent
1083 3879 1143 3920 non
1159 3859 1195 3920 de
1208 3857 1355 3919 materiali
1372 3865 1501 3931 tantum,
1590 3847 1593 3854 ’

251 3945 337 4023 ptis,
357 3953 449 4024 prout
465 3944 595 4005 militant
613 3963 666 4024 pro
692 3943 791 4005 divina
808 3961 859 4004 re·
899 3943 1282 4024 seddelormali,expensis
1293 3950 1430 4003 accurate
1443 3959 1507 4002 me·

250 4029 421 4103 velatione,
436 4029 475 4090 Ν.
496 4027 566 4089 Esto
584 4028 676 4106 enim,
698 4027 779 4108 quod
800 4027 860 4088 ali·
900 4028 969 4105 diis,
990 4027 1173 4105 obstaculis,
1200 4026 1334 4088 doctrina
1361 4024 1507 4108 impervia

252 4111 337 4191 quod
365 4130 399 4172 ex
434 4120 476 4172 tot
503 4111 712 4173 credibilitatis
743 4110 861 4172 motivis
901 4111 1000 4192 quoad
1012 4110 1239 4190 intelligentiam
1253 4109 1507 4189 etcupiditatibus

252 4195 433 4274 singillatim
448 4204 615 4276 spectatum
634 4196 717 4257 illam
734 4214 795 4257 non
812 4214 861 4276 pa·
901 4196 1042 4257 omnibus
1053 4196 1176 4257 adverse
1194 4194 1295 4275 quoad
1306 4195 1504 4268 voluntatem,

289 4358 764 4426 (1111111111111111111111,
796 4376 861 4426 quoe
901 4367 959 4426 pter
972 4374 1048 4426 quent
1066 4356 1153 4409 editur
1171 4357 1333 4419 nriracnlum,
1349 4357 1463 4418 virtutis,
1475 4355 1510 4407 nd

253 4429 358 4494 primae
372 4428 461 4478 classis
473 4429 608 4490 dicuutur,
621 4429 760 4478 utextincti
773 4443 860 4478 resur·
900 4443 977 4494 quarn
996 4436 1139 4492 promovet,
1157 4441 1242 4476 eorem
1261 4425 1356 4492 quibua
1374 4433 1504 4492 putentur,

254 4495 358 4557 rectio,
378 4496 561 4562 multiplicatio
578 4497 688 4546 alicuius
705 4497 764 4557 rei,
781 4510 810 4544 ac
827 4496 862 4546 si·
901 4495 1011 4560 aliisquo
1029 4493 1156 4544 eiusrnodi
1175 4493 1304 4558 spectatis.
1455 4533 1458 4540 ,

255 4562 340 4612 utilia.
937 4565 975 4627 (ὅ)
989 4561 1029 4612 (11.
1044 4569 1179 4612 tractatum
1193 4559 1229 4611 Dc
1240 4575 1299 4611 ocra
1310 4562 1381 4623 reliq.
1403 4567 1471 4628 part.
1482 4563 1493 4610 1
1498 4594 1511 4623 ,

291 4631 329 4699 (2)
347 4627 439 4681 llcbita
452 4629 551 4681 ratione
569 4629 704 4698 patruolis,
724 4627 782 4679 linio
798 4644 860 4696 pro-
902 4645 961 4697 cop.
975 4632 1001 4694 t,
1015 4645 1089 4697 prop.
1103 4633 1130 4680 d.
