3700 5659
401 492 461 556 lib
927 506 967 552 aa
983 507 1037 552 see

358 603 466 665 taralis
480 609 510 664 et
527 597 666 683 propria3
686 596 889 679 praesumptio
902 617 964 660 ma·
1003 596 1078 660 catis
1094 596 1262 674 omnigenis
1277 599 1472 674 indulserint,
1492 610 1555 666 tarn
1571 607 1614 668 ta·

360 689 405 767 gis
431 694 535 748 ouaatra
567 683 788 760 iustitiaau(l).
825 684 962 744 Ceterum
1004 683 1092 744 silem
1120 694 1242 764 sperant
1272 685 1403 747 laturam
1424 688 1610 766 ueniamus

361 779 443 834 recte
471 768 590 848 scripsit
615 785 640 828 s.
673 765 876 841 Augustinus:
905 765 963 827 lata
1005 775 1194 828 tarracertam
1224 786 1291 830 eam
1324 769 1383 830 sibi
1404 771 1609 850 polliceatur,

361 858 423 919 duo
441 854 579 916 occidunt
602 850 730 924 artimus,
750 861 805 913 out
826 851 966 930 despero·
1005 850 1128 931 perinde
1146 850 1224 924 acsi
1244 852 1318 914 nibil
1341 865 1533 932 peccassent.
1555 855 1612 917 llos

363 941 416 1016 tio,
434 945 487 998 out
501 951 641 1016 peruerse
655 949 719 1012 apes
733 933 794 1012 (9.).
1005 934 1086 996 enim
1115 943 1162 995 est
1188 945 1292 996 contra
1318 936 1454 998 debitum
1476 938 1612 1000 ordinem

407 1021 480 1083 lb'l.
502 1019 583 1080 llaae
599 1015 821 1092 assignantura
838 1033 865 1077 s.
882 1013 966 1076 l'bo-
1006 1018 1084 1098 spei,
1105 1035 1159 1078 nec
1175 1017 1231 1078 nisi
1250 1037 1284 1079 ea
1302 1037 1376 1080 vana
1390 1021 1440 1082 sui
1461 1020 1615 1083 existima·

364 1125 414 1168 ma
432 1121 541 1166 cauusae
566 1099 839 1182 praesumptionis,
858 1117 966 1179 super·
1008 1101 1089 1163 tione
1119 1101 1193 1162 oriri
1222 1112 1331 1183 potest.
1361 1101 1447 1166 Licet
1477 1123 1554 1167 aero
1583 1125 1614 1167 ea

365 1191 415 1253 bia
435 1200 464 1250 et
483 1185 582 1248 inanis
599 1184 705 1262 pluria.
726 1183 781 1255 Qui
797 1183 826 1244 id
845 1184 967 1258 evincit,
1008 1185 1167 1262 fragilitate
1197 1184 1346 1247 interdurn
1373 1187 1560 1269 delinquere
1581 1190 1614 1250 ub
1677 1260 1678 1263 p

366 1274 520 1336 scribens:
548 1269 664 1348 t‘oaptoa
685 1277 726 1330 est
744 1268 968 1346 praesumptio:
1007 1287 1090 1350 spem
1111 1267 1215 1330 reniae
1240 1271 1357 1331 nonsit
1378 1273 1613 1353 praesumptio,

366 1375 429 1421 una
442 1356 570 1436 paridem,
585 1369 659 1430 patae
674 1352 818 1413 innititur
829 1353 971 1430 propriae
1008 1353 1069 1414 iura
1085 1352 1304 1431 aliquantulum
1330 1354 1437 1417 exinde
1459 1367 1617 1436 peccatum

366 1441 485 1512 uirtuti,
504 1447 653 1498 ottaatans
673 1436 779 1497 scilieet
806 1436 970 1513 aliquidaut
1011 1437 1179 1498 ruinuatur:
1200 1437 1269 1498 inde
1296 1447 1393 1499 tamea
1421 1441 1616 1502 occasionem

366 1526 424 1588 sibi
438 1520 677 1604 possttttnpuoa
699 1519 852 1598 preprium
871 1519 969 1579 oirtu-
1009 1520 1215 1602 perseverandi
1246 1521 1277 1582 in
1315 1531 1435 1602 peccato
1470 1527 1624 1600 sumece‚'

368 1618 425 1670 tem
454 1605 642 1668 aaronitae
674 1605 743 1664 talis
771 1604 972 1681 praesumptio
1010 1603 1159 1685 quoddam
1193 1614 1240 1666 est
1270 1607 1537 1689 praesumptionis
1567 1626 1623 1685 ge·-
1678 1602 1679 1621 ¹

368 1690 526 1768 oratrifesta
546 1705 585 1750 aa
602 1688 689 1748 inani
706 1687 804 1768 pluria
820 1687 949 1766 procedit
958 1706 972 1758 ;
1011 1707 1067 1750 nus
1083 1689 1144 1768 (5).
1159 1685 1166 1694 ’

275 1777 278 1784 ’
371 1776 478 1837 sallao
501 1772 603 1844 enim,
624 1772 700 1849 qnod
719 1771 826 1849 aliqaais
845 1771 971 1832 mattam
1054 1773 1126 1833 tau.
1148 1769 1185 1832 Ut
1202 1769 1293 1850 igitur
1307 1779 1388 1834 tanto
1407 1773 1478 1853 quis
1493 1773 1618 1836 obsistat

370 1859 516 1922 desiderat
543 1855 691 1933 pluriam,
723 1856 871 1934 sequitur,
896 1853 974 1932 parad
1013 1856 1105 1929 malo,
1125 1853 1206 1935 qaod
1226 1875 1284 1916 nun
1303 1857 1401 1917 solum
1420 1857 1501 1937 spei,
1520 1860 1618 1920 sedet

371 1949 489 2005 attentet
507 1939 621 2017 aliquid
634 1955 724 2018 saper
739 1941 817 2000 sures
834 1955 904 1999 seros
914 1961 928 2010 ;
944 1945 974 1998 et
1014 1939 1114 2000 timori
1134 1938 1251 1999 ltoaniai
1269 1941 1518 2020 adversatur(ti),
1539 1952 1571 2002 et
1582 1942 1621 2002 id-

372 2025 544 2090 ltua'usmadi
553 2023 975 2102 prmaipraesrantnooa‚qraac
1014 2041 1051 2084 eo
1071 2022 1173 2083 multis
1191 2041 1281 2084 causa
1299 2024 1404 2086 rainae
1425 2026 1475 2098 bt3
1496 2026 1620 2086 advoca·

371 2112 516 2172 maiorem
540 2107 769 2168 adrniantiaaem
792 2107 909 2168 babeat.
936 2105 973 2166 ΕΙ
1015 2105 1154 2167 redebet
1171 2106 1369 2168 bornilitatem
1389 2107 1419 2168 in
1438 2127 1533 2170 suurn
1548 2110 1619 2170 sub-

373 2195 437 2254 irlao
455 2193 613 2270 sipraaater
633 2190 796 2268 Grcporias
818 2207 975 2267 praesam-
1015 2189 1143 2264 sidium,
1178 2199 1239 2251 tuan
1270 2191 1448 2252 humilitatis
1479 2193 1619 2254 comitem

371 2279 503 2357 ptioaem
517 2274 681 2334 aroritatam
696 2275 792 2352 posuit
807 2274 899 2352 {iliam
912 2273 979 2332 trra·
1017 2272 1195 2354 profundam
1221 2275 1464 2337 inscrutabilium
1489 2275 1545 2336 llei
1574 2278 1620 2336 iu·
1680 2340 1681 2353 p

374 2362 423 2420 ais
437 2358 552 2438 plurios
568 2357 628 2436 (3).
654 2357 725 2418 Atta
742 2375 811 2418 rerer
830 2367 869 2416 est
887 2373 977 2434 prere·
1017 2358 1164 2418 diciorum
1185 2357 1409 2420 meditationem
1437 2377 1476 2420 ac
1505 2359 1621 2421 divinae

373 2443 517 2519 sumptio,
535 2457 609 2518 praue
633 2440 781 2501 innititur
804 2441 980 2500 inordinate
1017 2441 1172 2514 iustitiae,
1192 2460 1252 2521 qua
1270 2461 1360 2522 saepe
1386 2442 1560 2519 contingit,
1593 2452 1623 2504 ut

375 2528 495 2588 diuinae
509 2524 731 2584 misericordiae
745 2525 790 2586 rel
805 2525 976 2604 pateruios,
1017 2524 1165 2586 eiusmodi
1176 2526 1416 2608 praesumptuosi
1427 2526 1544 2587 sublati
1553 2528 1620 2604 sint,

373 2627 428 2688 per·
448 2625 536 2688 parom
565 2607 633 2685 paris
662 2615 760 2687 sperat
794 2627 825 2669 se
846 2607 980 2668 obtinere
1018 2608 1167 2689 quabora
1198 2628 1258 2670 non
1278 2610 1454 2691 sperabant,
1479 2629 1622 2691 neespa·

375 2694 505 2774 pluriam
518 2691 720 2766 ammonitis,
737 2691 981 2753 calomniaansine
1020 2694 1091 2752 tium
1110 2692 1321 2770 poenitentiae,
1345 2693 1426 2773 quod
1443 2693 1505 2755 sibi
1526 2694 1622 2755 inani·
1681 2694 1682 2699 ’

374 2776 568 2857 poenitentia.
583 2776 623 2837 Et
639 2775 707 2836 tulis
719 2775 921 2856 praesumptio
937 2775 981 2836 ui·
1019 2785 1065 2837 ter
1082 2776 1306 2856 promittebant,
1332 2777 1392 2838 sint
1410 2776 1528 2858 adepti.
1551 2778 1622 2839 lleus

378 2863 467 2924 datar
483 2860 562 2921 ariri
580 2860 690 2922 directe
706 2877 745 2921 ear
762 2860 921 2938 sapuerim,
946 2875 981 2919 ar.
1020 2859 1169 2939 siquidem
1185 2879 1244 2921 noa
1260 2860 1412 2937 irridetur,
1432 2880 1481 2938 ac,
1503 2861 1577 2922 dum
1595 2880 1623 2922 se

377 2947 405 3008 si
432 2946 493 3026 ipse
517 2945 596 3005 tanti
612 2961 642 3004 aa
666 2945 815 3019 aestimet,
841 2953 874 3003 nt
891 2944 979 3003 etiam
1013 2943 1202 3005 exorabilem
1226 2945 1349 3025 praebet
1375 2962 1444 3006 curn
1477 2945 1551 3025 quis
1573 2964 1624 3006 sua

379 3047 445 3092 sam
456 3036 623 3107 peccatelam
638 3028 714 3090 llera
724 3046 784 3090 raon
794 3028 916 3106 puniat,
929 3035 982 3087 arat
1022 3036 1143 3107 peccata
1161 3028 1313 3090 detestans
1331 3027 1543 3108 tempestivos
1563 3049 1625 3090 ma·
1682 3050 1683 3057 ¹

381 3112 507 3192 optorto
523 3112 728 3191 eaelaadattd).
1023 3112 1059 3171 lis
1075 3113 1139 3172 sais
1154 3111 1209 3173 aiis
1220 3112 1414 3187 convertitur,
1432 3112 1478 3173 sic
1490 3113 1573 3173 iusto
1585 3113 1626 3173 iu·

429 3193 624 3255 t58.Etsaae
640 3213 698 3254 non
719 3193 842 3255 minima
861 3210 982 3274 peraer—
1022 3193 1101 3254 dicio
1120 3194 1157 3256 de
1184 3215 1218 3257 se
1240 3196 1365 3256 ninnium
1396 3208 1625 3275 praesumentes

383 3277 457 3341 sitas
475 3293 579 3340 eorum
596 3286 661 3357 est,
682 3279 733 3358 qui
752 3295 821 3339 cum
840 3277 892 3339 diu
909 3296 983 3359 pec·
1023 3278 1181 3360 punit(l).
1197 3277 1239 3340 dc
1254 3279 1378 3362 prolude
1393 3280 1474 3341 inter
1492 3298 1627 3362 spamae

419 3429 458 3495 (l)
472 3427 538 3480 lbid.
556 3437 605 3480 art.
618 3431 645 3478 2.
1025 3427 1071 3476 bac
1088 3437 1174 3478 nostra
1199 3435 1281 3478 aetate
1303 3426 1498 3479 molestissimos
1513 3428 1627 3480 banaiam

419 3498 456 3564 (it
475 3500 603 3548 Secundi
622 3494 654 3545 dc
672 3493 757 3546 aerlais
772 3497 870 3565 Esang.
890 3493 984 3550 bucata.
1024 3496 1108 3544 ciuilis
1127 3495 1286 3561 reipublicae
1303 3511 1354 3546 naar
1372 3495 1459 3546 anianus
1475 3513 1559 3563 quaen
1571 3496 1627 3546 reli·

382 3583 440 3632 cnp.
459 3569 484 3621 8.
507 3583 534 3615 a.
562 3571 603 3623 m,
624 3561 666 3613 ed.
687 3563 772 3632 ttnoe„
1025 3563 1109 3626 pisana
1125 3561 1279 3613 ebristiauue
1303 3568 1357 3613 seu'
1373 3563 1503 3613 Ecclesiae
1522 3563 1627 3615 eutlauli·

419 3638 456 3693 (5)
471 3629 767 3694 l'orroauiumdeeataa,
785 3632 896 3700 priorem
918 3629 985 3681 bane
1025 3646 1069 3680 eae
1087 3632 1171 3681 locatos
1188 3631 1355 3691 urle-mimos,
1380 3629 1430 3680 sub
1446 3631 1627 3682 exeoanmuai·

383 3704 615 3768 paausuauptiouem
634 3699 702 3749 ittam
720 3719 784 3764 esse,
804 3713 987 3769 apaaaaaagaa·
1026 3699 1133 3748 eatiauis
1151 3714 1232 3764 praesta
1262 3697 1392 3760 detentos,
1421 3714 1502 3765 quiana
1530 3699 1627 3764 publice

387 3769 496 3819 sabaraitati
527 3777 686 3833 apponatur,
705 3777 732 3818 et
757 3773 839 3819 oritura·
867 3784 896 3818 ea
916 3766 986 3815 iuraui
1026 3773 1244 3831 contempserunt,
1261 3781 1292 3816 sc
1310 3765 1376 3816 tusto
1394 3762 1441 3814 Dei
1458 3766 1628 3828 indicimus

386 3836 577 3903 pleninitudo
596 3835 748 3902 liaepoeium
768 3836 813 3888 lib.
836 3840 865 3885 at
895 3832 986 3885 aaron
1027 3832 1282 3900 repeautiuomorbo,
1307 3832 1453 3883 autsulrita
1473 3844 1628 3898 atorteper·

388 3921 412 3954 a.
432 3909 476 3966 51,
489 3904 528 3954 ael
544 3909 572 3955 tt
593 3920 605 3954 a
625 3903 720 3965 locedio,
739 3903 782 3955 talu
801 3905 926 3970 lleigenes
944 3901 986 3949 di·
1027 3901 1121 3960 eulsu's,
1137 3899 1348 3951 ealdbeutselati
1366 3910 1482 3950 auortuos
1500 3901 1527 3950 iu
1546 3899 1629 3950 oscado

385 3987 518 4022 versurum
539 3985 701 4038 peccatoram
723 3971 843 4022 ostendit.
859 3968 924 4019 Vide
939 3967 988 4019 l'a·
1028 3968 1129 4020 ooaoaui
1142 3967 1175 4018 ob
1192 3968 1315 4018 ttoaarunllu
1330 3969 1426 4017 ineerta
1439 3968 1627 4034 resipiscentiae

386 4039 480 4098 lentis,
505 4047 604 4106 quaed.
628 4045 656 4101 tt,
676 4038 745 4106 disp.
762 4037 875 4092 mouenda
897 4053 988 4106 gener.
1028 4039 1198 4103 aigaaa‚qarse
1215 4036 1263 4101 ipsi
1277 4034 1460 4102 praebueriut3
1481 4039 1534 4086 inno
1551 4046 1577 4087 et
1593 4037 1626 4082 in·

388 4106 423 4156 De
440 4124 490 4170 spe.
1029 4106 1131 4156 tendum
1147 4105 1225 4154 etism
1236 4103 1292 4153 aine
1305 4103 1357 4152 illis
1366 4103 1449 4164 signis
1460 4104 1515 4153 vita
1530 4103 1628 4153 inornatas

422 4174 461 4239 (t)
476 4173 509 4230 tt.
520 4177 547 4236 2,
559 4190 591 4240 q.
605 4177 650 4235 dl,
662 4182 712 4224 art.
725 4179 752 4226 t.
1029 4172 1125 4238 atrupa-
1140 4172 1313 4230 ner-arentis,
1337 4168 1434 4236 amque
1450 4171 1628 4220 retractatione

422 4241 463 4308 (b)
483 4241 523 4291 ct.
537 4245 649 4301 Saurea,
668 4241 717 4292 loc.
730 4241 776 4293 eit.
1031 4241 1082 4290 ullu
1094 4255 1211 4290 erronum
1230 4240 1450 4305 praetorianorum,
1463 4253 1531 4304 quos
1548 4236 1627 4304 publi·

423 4309 463 4378 (a)
481 4307 521 4359 Cl.
551 4309 652 4359 tata-na.
672 4309 722 4360 luc.
746 4308 791 4360 eit.
818 4305 863 4358 tabi
881 4303 992 4356 ostendit
1031 4308 1067 4357 eis
1084 4305 1160 4356 editis
1177 4305 1249 4357 labris
1265 4304 1483 4366 dissentiunt-unu
1502 4301 1629 4355 tamenab

390 4395 420 4430 ex
440 4395 463 4428 a.
485 4375 582 4428 ‘flanona
615 4379 695 4436 anapia
722 4377 792 4444 spei,
810 4393 887 4443 quam
907 4376 991 4425 timori
1032 4374 1177 4442 prassibaleua
1193 4372 1555 4433 iaterusna'resipisoentiam,
1574 4386 1628 4437 per·

389 4445 626 4516 praeruruptiunrtu
638 4447 749 4513 eapapouis
768 4444 806 4495 itti
823 4446 939 4509 specifice,
951 4443 992 4494 int
1033 4443 1092 4493 inde
1108 4460 1138 4492 ae
1154 4443 1176 4492 si
1196 4450 1266 4491 certo
1282 4441 1367 4506 adepti
1385 4438 1483 4490 laertia
1500 4440 1628 4498 atatem,

386 4514 505 4578 perreriae.
1033 4512 1191 4578 praedicant.
1210 4507 1290 4576 ldquo
1308 4507 1356 4557 riri
1373 4507 1451 4558 etiam
1466 4506 1503 4573 pii
1521 4523 1552 4557 ee
1569 4504 1628 4556 reli·

424 4584 462 4642 (7)
477 4579 570 4630 Furere
593 4595 644 4630 non
663 4595 788 4646 passuras,
811 4578 874 4645 quain
892 4593 993 4646 sermm
1034 4581 1096 4638 giesi
1114 4577 1268 4645 operandoque
1289 4577 1315 4625 in
1328 4575 1421 4635 scalpam
1437 4589 1560 4640 spraegere
1581 4586 1628 4621 noa

362 4647 530 4715 ·.qucmduua
560 4648 681 4716 spirituus
711 4648 915 4710 uouuultouum,
948 4647 994 4716 aui
1032 4663 1166 4711 veramne,
1184 4640 1641 4712 ae,alopualueait,ap1maitionst
