3700 5659
426 390 524 420 ΜΝ*-

369 469 410 530 86
891 479 929 522 ne
947 480 1014 524 uiue

327 581 367 640 sti
385 578 566 651 adrentum,
595 576 780 636 affirmarunt
812 582 932 651 praeter
973 573 1028 634 Dei
1051 574 1086 635 iu
1120 593 1152 638 co
1179 577 1329 640 recolatur
1358 599 1397 642 cc
1414 583 1473 661 fide
1490 583 1527 646 tu
1544 584 1586 663 pl·

327 671 467 726 auctores
492 659 637 722 adductos
659 657 784 719 michael
802 655 931 733 llledina,
951 629 954 741 i
973 659 1049 734 dem,
1072 658 1102 720 id
1120 668 1166 722 est
1184 679 1220 722 ex
1247 662 1306 724 lide
1324 664 1419 726 iuturi
1438 666 1471 726 in
1490 667 1587 728 iidem

328 748 431 822 lovell,
451 744 584 820 Zumell,
605 741 726 820 Hugoa
748 760 774 802 s.
793 738 932 814 Victore,
952 771 955 810 ς
974 742 1152 822 praesentis.
1173 743 1248 806 Hinc
1275 745 1409 810 Christus
1438 749 1502 830 ipse
1537 751 1585 812 lo.

329 854 356 895 s.
371 829 553 905 Bernardus,
566 826 661 905 hugo,
676 834 835 889 utccteros
850 842 935 906 prac-
954 855 955 862 ι
975 842 1048 898 xuu,
1069 827 1107 888 3:
1140 827 1219 891 Haec
1235 839 1292 907 cst,
1313 831 1428 912 inquit,
1454 836 1518 896 citu
1538 853 1592 896 cc·

331 915 495 979 termittam
515 912 577 992 (l).
977 919 1064 972 ternu
1071 935 1084 984 ;
1095 920 1128 973 ιιι
1139 924 1316 992 cognoscunt
1325 925 1362 992 to,
1374 917 1472 978 solatur
1485 920 1591 980 Deum

374 1002 448 1064 ete.
482 997 580 1078 Atque
610 995 667 1058 hos
685 993 864 1055 nominatim
883 1010 936 1053 re·
955 1009 958 1114 p
976 1011 1091 1071 oerum,
1106 1005 1131 1056 ιι
1146 1014 1233 1074 quem
1243 1000 1363 1076 misisti,
1380 1002 1477 1063 lerum
1493 1004 1594 1066 Chri·

332 1084 506 1158 censuisse,
531 1079 584 1161 qui
609 1097 663 1161 pro
686 1079 831 1140 alterutra
864 1095 937 1137 seu·
956 1117 958 1175 4
976 1087 1066 1142 stum.
1087 1078 1169 1148 Quae
1187 1081 1308 1160 quidem
1324 1081 1496 1164 Scripturas
1513 1105 1592 1147 ver-

336 1170 428 1232 tentia
439 1173 583 1248 pugnant,
601 1162 675 1225 satis
692 1161 749 1239 sit,
770 1161 823 1241 qni
841 1159 939 1222 videri
978 1163 1017 1224 ha
1036 1162 1073 1224 de
1094 1164 1161 1224 sola
1179 1165 1236 1226 fide
1264 1166 1412 1246 implicita
1434 1169 1465 1229 in
1492 1170 1594 1233 Chri-

335 1259 461 1337 possuut
479 1260 542 1311 tum
562 1246 737 1328 inpropriis
754 1243 940 1308 lucubratio·
979 1255 1057 1308 stum
1076 1246 1203 1326 intelligi
1220 1261 1394 1330 nequeunt,
1422 1271 1490 1313 cum
1510 1255 1595 1316 tides

336 1340 437 1413 nihus,
453 1333 554 1396 lumin
568 1330 769 1393 recentiorum
784 1328 937 1410 operibus,
959 1356 962 1457 p
981 1331 1126 1412 implicita
1140 1350 1244 1394 reuera
1259 1353 1319 1396 non
1341 1335 1380 1396 sit
1398 1338 1519 1417 proprie
1556 1339 1596 1398 li·
1677 1399 1678 1406 ,

336 1423 389 1504 qui
406 1428 556 1493 auctores,
576 1417 612 1476 de
627 1413 741 1494 ,quihus
756 1432 848 1494 supra
859 1431 942 1474 com·
960 1460 962 1520 4
982 1414 1034 1476 des
1054 1414 1174 1492 Christi,
1194 1417 1247 1478 sed
1261 1419 1385 1481 alterius
1402 1421 1537 1498 obiecti3
1559 1442 1597 1483 a·

338 1501 582 1578 memoravimus,
596 1500 725 1575 allegant
737 1498 798 1578 (⁹2).
820 1496 941 1558 lnterim
961 1523 962 1528 ¹
983 1498 1111 1579 deoque,
1132 1500 1205 1561 siin
1225 1503 1281 1562 hoc
1300 1503 1425 1566 articulo
1445 1504 1490 1566 sas
1506 1515 1598 1567 esset

338 1611 373 1652 en·
393 1587 470 1649 mira
499 1585 555 1646 hac
580 1581 798 1645 sententiarum
826 1580 943 1642 discre-
983 1581 1164 1663 Scripturam
1192 1584 1229 1648 de
1261 1587 1326 1648 sola
1354 1588 1411 1650 fide
1441 1589 1598 1670 implicita

340 1672 441 1755 pantia
455 1668 664 1748 unusquisque
677 1665 767 1742 ridet,
783 1664 857 1726 nihil
869 1663 944 1726 certi
984 1686 1156 1747 exponere,
1184 1669 1287 1730 eadem
1320 1671 1437 1733 ratione
1460 1673 1491 1733 id
1521 1675 1597 1734 sueri

341 1777 394 1838 pro
413 1757 556 1816 alterutro
576 1751 684 1832 placito
703 1748 845 1811 constitui
870 1767 943 1829 pos·
985 1760 1086 1832 posset
1105 1750 1141 1812 de
1160 1752 1216 1813 iude
1236 1753 1328 1816 totius
1347 1755 1456 1817 obiecti
1475 1773 1597 1838 super-

341 1862 386 1902 se.
407 1837 445 1900 Ut
460 1847 559 1899 tamen
581 1842 691 1916 pateat,
714 1833 787 1914 quid
800 1831 946 1894 verisimi·
985 1835 1141 1912 naturalis,
1158 1837 1337 1915 quodncmo
1352 1833 1501 1902 admittet.

342 1927 400 1986 lius
415 1921 575 1985 tenendum
594 1920 644 1997 sit,
668 1919 827 1998 utriusque
845 1935 947 1997 respe·
1043 1919 1115 1980 351.
1152 1919 1203 1981 llis
1233 1921 1345 1983 addunt
1380 1925 1598 1986 auctoritatem

341 2011 417 2070 ctive
444 2004 634 2081 sententiae,
673 2011 735 2066 tum
756 2000 944 2077 affirmantis,
986 2002 1131 2081 Parrum,
1164 2007 1339 2084 praesertim
1372 2027 1441 2069 uero
1474 2027 1500 2069 s.
1527 2010 1599 2070 Au-

344 2105 407 2155 lum
428 2090 562 2168 negantis
581 2088 782 2152 necessitatem
798 2084 947 2151 mediiad
966 2112 968 2196 p
987 2087 1120 2164 gustini,
1148 2096 1210 2148 tum
1238 2089 1269 2149 in
1302 2091 1389 2171 epist.
1422 2109 1492 2168 cxx,
1527 2102 1599 2154 tum

345 2179 474 2240 salutem
493 2173 563 2236 fidei
580 2173 737 2252 ccprlicitoc
754 2171 784 2232 in
797 2169 947 2232 Christum
988 2172 1019 2232 in
1035 2171 1089 2234 lih.
1106 2188 1176 2234 ιινιιι
1194 2175 1237 2236 De
1255 2175 1335 2236 cluit.
1355 2176 1428 2250 Dei,
1449 2195 1516 2258 cap.
1535 2177 1595 2254 tt,

344 2271 374 2322 et
387 2259 439 2321 SS.
453 2257 641 2333 Trinitatem,
659 2255 950 2335 iuudanrentaprac·
989 2255 1042 2318 uhi
1060 2255 1184 2333 scribit,
1212 2266 1281 2320 ante
1301 2258 1410 2322 Christi
1430 2260 1598 2322 adventum

344 2346 434 2427 cipua
454 2343 515 2404 iam
534 2340 725 2403 subiicimus.
990 2340 1107 2419 aliquos
1138 2359 1173 2402 ex
1200 2343 1365 2418 gentilibus
1397 2344 1508 2422 luisse,
1543 2346 1599 2425 qui

991 2423 1051 2486 lleo
1085 2425 1279 2504 placuerunt;
1311 2436 1374 2488 tum
1396 2447 1466 2490 uero
1498 2429 1597 2507 addit,

613 2491 628 2572 ἕ
646 2489 684 2566 Π·
991 2508 1104 2569 nemini
1117 2527 1293 2572 concessum
1309 2511 1402 2574 luisse
1420 2512 1532 2574 iustum
1551 2533 1601 2576 es-

306 2611 310 2616 ’
348 2615 487 2672 Praecipua
509 2611 669 2672 solidamento
696 2609 868 2667 exponuntur,
891 2619 953 2666 quor
992 2611 1035 2669 Se,
1056 2591 1115 2654 nisi
1142 2593 1191 2654 cui
1216 2593 1357 2658 divinitus
1379 2597 1528 2658 revelatus
1550 2609 1598 2660 esi

362 2681 466 2739 ,offerri
482 2679 654 2728 concusserunt
671 2692 687 2724 u
704 2676 821 2736 theologie
836 2688 951 2736 pugnau-
992 2695 1070 2738 unus
1090 2675 1237 2738 mediatos
1255 2678 1309 2740 Dei
1327 2689 1358 2742 eg
1376 2680 1550 2743 hominum·

382 2749 502 2808 tiburpro
524 2743 953 2826 renlenliunoffirmuultc‘accerrilo-
1036 2761 1109 2822 352·
1135 2759 1191 2831 Qui
1215 2779 1284 2822 vem
1310 2763 1435 2826 eandem
1459 2765 1599 2827 necessi-

383 2821 428 2865 Μ’
440 2813 578 2863 “mmm
595 2813 648 2872 Μ’
665 2813 794 2873 mmm
810 2825 837 2858 ²²⁸
856 2813 953 2857 orruer—
993 2851 1083 2908 tatem
1099 2844 1168 2908 lidei
1181 2845 1337 2926 explicitae
1350 2849 1455 2910 saltem
1475 2849 1601 2912 instctu

296 2899 301 2906 ·
381 2899 426 2947 pue
446 2885 599 2950 eupatorium.
1070 2929 1074 2940 ,
1360 2932 1366 2944 ,
1400 2932 1406 2943 ,

993 2939 1120 3009 proiice,
1143 2946 1197 2992 seu
1215 2938 1282 3009 post
1300 2931 1408 2994 Chrrstr
1423 2933 1597 3011 adventurn,

392 3019 466 3082 350.
494 3017 537 3079 hc
560 3015 685 3097 primo,
720 3013 772 3094 qui
795 3012 955 3076 adstruunt
973 3050 975 3126 p
994 3021 1202 3093 propugnant,
1235 3015 1282 3076 his
1301 3025 1513 3096 permoventur
1531 3037 1601 3079 mo·

353 3103 430 3163 hanc
447 3100 656 3163 necessitatem
673 3097 762 3160 etiam
782 3106 851 3159 aute
864 3097 953 3159 Chri·
973 3129 976 3209 p
995 3097 1081 3158 liris:
1113 3095 1240 3160 Unicum
1267 3099 1399 3162 medium
1419 3101 1528 3163 salutis
1554 3110 1601 3163 est
1677 3129 1678 3132 ¹

353 3186 392 3246 sti
410 3185 589 3259 aduentum,
609 3191 673 3244 tum
695 3182 726 3242 in
745 3182 810 3256 lege
829 3189 954 3243 naturae
974 3215 976 3274 p
995 3179 1129 3242 Christus
1150 3181 1255 3260 lesus,
1277 3183 1394 3246 dicente
1413 3184 1515 3260 Petro,
1532 3186 1598 3247 Act.

353 3280 415 3331 tum
439 3269 471 3330 in
483 3269 549 3346 lege
566 3267 688 3348 scripta,
705 3265 754 3326 his
770 3265 955 3341 argumentis
995 3283 1036 3343 ιι,
1047 3265 1097 3326 li:
1109 3267 1266 3330 Etuouest
1280 3268 1382 3330 inulto
1395 3269 1602 3348 olipuosolus;

353 3361 495 3416 utuntur:
591 3389 596 3401 ·
996 3367 1058 3412 nou
1075 3351 1154 3412 enim
1171 3351 1255 3418 uliud
1272 3370 1378 3414 comen
1397 3363 1437 3416 est
1451 3355 1505 3416 sul
1525 3355 1601 3416 coelo

395 3439 438 3500 Ex
457 3435 549 3499 sacris
563 3434 671 3497 litteris
689 3431 837 3497 eiusmodi
853 3451 956 3494 neces·
974 3476 977 3545 t
997 3435 1101 3496 dotum
1119 3436 1307 3511 hominihus,
1339 3437 1373 3498 in
1391 3455 1448 3516 ιιι
1466 3447 1602 3517 oporteat

353 3523 426 3586 sitas
445 3521 518 3583 satis
537 3521 617 3582 clare
635 3519 749 3596 elucet3
771 3537 840 3579 nam
859 3515 957 3580 Haba-
998 3536 1051 3580 uos
1072 3519 1168 3582 solvor
1182 3515 1261 3599 ficri,
1278 3529 1308 3582 et
1324 3520 1417 3582 Paulo
1432 3520 1455 3582 1.
1473 3521 1543 3584 Cor.
1557 3540 1600 3596 ιιι,

354 3627 409 3670 ιιι
431 3625 464 3684 ιι,
486 3607 521 3684 3,
547 3605 584 3666 de
607 3603 725 3668 Christo
744 3601 871 3667 dicitur:
895 3600 958 3680 Ap·
999 3603 1057 3663 ll:
1081 3604 1320 3668 Fundamentum
1337 3606 1416 3668 cuim
1442 3605 1528 3668 uliud
1547 3623 1601 3668 ne·

350 3690 467 3772 purehit
487 3693 521 3754 in
538 3691 628 3771 ficem
644 3697 671 3751 ιι
699 3706 761 3750 uon
777 3686 956 3749 merrtictur:
998 3705 1045 3748 mo
1066 3696 1158 3765 potest
1181 3707 1294 3768 ponere
1316 3700 1435 3768 practer
1455 3689 1505 3764 id,
1525 3691 1603 3768 guod

353 3778 380 3838 si
395 3793 510 3839 morum
527 3774 653 3856 feurit,
673 3779 796 3852 expecto
810 3770 907 3848 illum,
929 3777 959 3832 et
995 3771 1125 3849 positum
1140 3780 1192 3847 cst,
1211 3774 1290 3850 onoc
1302 3782 1343 3836 ert
1363 3774 1600 3838 Christurlesus.

354 3880 382 3921 x.
404 3859 578 3922 dadditur:
613 3858 672 3932 Qui
704 3856 875 3920 incredulus
892 3862 955 3932 ecl,
1002 3855 1041 3916 lix
1060 3854 1170 3934 quihus
1186 3856 1340 3934 colligunt,
1359 3857 1401 3920 ita
1416 3875 1481 3920 esse
1500 3877 1604 3920 neces·

354 3963 416 4006 nou
441 3944 497 4005 crit
515 3951 595 4005 recto
612 3942 717 4003 auimo
733 3941 835 4003 cius...
860 3940 959 4001 Iustus
1001 3939 1111 4000 sariam
1130 3938 1218 4000 tidem
1231 3941 1398 4022 explicitam
1419 3940 1604 4004 adsalutem
1670 3995 1675 4004 .

355 4037 455 4089 orclem
469 4027 503 4088 iu
521 4027 578 4105 fide
594 4025 746 4087 orrooioct.
763 4022 846 4093 Quae
860 4032 960 4103 poste-
1001 4023 1031 4084 in
1050 4021 1200 4084 Christum
1228 4023 1284 4086 suh
1311 4026 1377 4102 lege
1406 4025 1602 4102 evangelica,

356 4112 439 4172 riora
456 4109 548 4170 rerba
567 4108 608 4169 ita
626 4109 712 4168 eliert
729 4107 882 4194 apostolus
897 4105 959 4184 lle·
1001 4115 1090 4187 prout
1109 4115 1174 4168 erat
1190 4109 1361 4171 necessaria
1374 4109 1513 4192 explicita
1532 4110 1605 4171 tides

359 4195 406 4256 hr.
427 4211 458 4272 ιι,
476 4194 515 4254 38
527 4212 534 4253 :
548 4193 740 4254 lustusmeus
757 4191 863 4272 calido
876 4189 957 4268 olvit,
1001 4191 1033 4251 in
1052 4189 1146 4252 lleum
1172 4199 1324 4254 auctorem
1344 4195 1605 4274 supernaturalem

359 4289 389 4340 et
408 4277 496 4340 Rom.
522 4295 544 4351 r,
563 4275 614 4353 lh,
640 4275 698 4337 ll:
723 4275 825 4339 Virtus
849 4274 904 4337 Dei
920 4282 960 4338 ost
1002 4282 1071 4336 ante
1088 4273 1198 4338 Christi
1213 4275 1383 4340 adventum.
1404 4275 1606 4344 Confirmant·

357 4364 389 4425 iu
408 4363 533 4425 sulutem
561 4361 647 4422 ornui
671 4359 822 4435 credenti,
856 4358 961 4420 iudoco
1003 4378 1062 4438 que
1081 4379 1116 4422 cx
1134 4359 1171 4420 iis
1184 4379 1262 4440 quae
1280 4361 1416 4424 Christus
1431 4359 1474 4423 lo.
1493 4379 1556 4438 xxv,
1575 4364 1604 4438 ι,

356 4449 492 4527 primunr
524 4455 551 4508 ιι
583 4461 700 4526 praeco.
731 4442 850 4530 lustitia
882 4443 961 4505 euim
1004 4443 1076 4506 dixit
1112 4444 1255 4526 apostolis
1287 4446 1370 4508 suis:
1405 4445 1535 4546 Creditis
1573 4447 1607 4508 ιἰι

370 4621 376 4641 ”
394 4629 434 4699 (ι)
453 4627 529 4699 Apud
542 4631 648 4691 suarez,
666 4626 731 4697 disp.
748 4630 790 4693 ιι,
807 4615 871 4678 scel.
890 4613 905 4688 3
1039 4627 1077 4696 (ι)
1095 4627 1136 4680 Ci.
1154 4626 1227 4686 iuter¹
1238 4635 1337 4706 coteroo
1349 4627 1441 4684 llilher
1458 4601 1513 4699 loc..
1528 4629 1577 4684 cit.
