3700 5659
374 459 436 526 252
856 473 1055 521 cucumam
1114 515 1119 524 .

338 585 386 639 tur
410 578 601 656 praeceptum
627 568 663 632 de
691 565 840 644 diligendo
861 566 934 644 lleo,
977 567 1050 630 teris
1069 567 1209 647 omissis,
1232 568 1365 634 sistendo
1390 571 1421 634 in
1440 573 1508 651 lege
1527 595 1585 638 na·

337 661 461 722 alteram
480 673 562 731 vero,
583 653 664 735 quod
686 649 834 714 eiusmodi
853 668 938 730 prae·
978 660 1080 730 turae,
1100 653 1159 714 uisi
1183 652 1306 716 daretur
1330 656 1484 719 eiusmodi
1502 659 1584 721 obli·

338 751 458 824 ceptum
484 739 523 802 sit
556 737 696 820 speciale,
714 743 744 798 et
772 733 938 814 areliquis
978 735 1069 815 patio,
1090 737 1206 798 nullum
1225 746 1305 800 esset
1322 751 1480 819 peccatum
1502 761 1587 804 mor-

340 826 524 888 distinctum.
979 821 1056 894 tale,
1075 819 1147 900 quia
1168 821 1283 901 peccati
1301 824 1438 886 mortalis
1458 826 1538 887 ratio
1559 826 1589 887 iu

383 909 456 970 230.
477 906 519 968 Ac
536 904 633 986 primo
651 901 715 964 dari
737 902 796 964 boe
819 900 855 962 de
878 899 940 962 Dec
980 905 1039 965 boc
1055 903 1182 965 maxime
1199 905 1346 982 consistit,
1364 907 1448 986 quod
1459 909 1502 970 sit
1515 928 1589 970 con·

343 990 493 1068 diligendo
521 995 711 1070 praeceptum
745 983 942 1046 disertissime
981 986 1106 1050 trarium
1125 987 1277 1050 dilectioni
1295 991 1510 1069 superomnia
1529 993 1589 1072 (ir).

343 1077 493 1150 evincunt,
511 1089 588 1153 quae
601 1072 739 1148 leguntur
752 1069 839 1131 Deut.
856 1085 897 1146 vr,
909 1069 941 1128 5:
1026 1071 1099 1132 232.
1127 1068 1280 1142 Quatenus
1303 1090 1374 1134 vero
1396 1072 1480 1136 idem
1503 1094 1591 1155 prae-

273 1190 277 1194 ·
344 1161 457 1240 Dilipes
467 1157 629 1219 Dominum
641 1155 733 1216 Derim
744 1161 830 1215 loom
840 1159 944 1214 ectoto
968 1162 1103 1236 ceptum
1118 1155 1238 1233 attingit
1251 1155 1344 1218 Deum
1355 1156 1447 1218 tinem
1462 1159 1587 1235 gratiae,

344 1245 507 1316 cordetuo,
524 1247 551 1302 et
572 1257 610 1301 ec
630 1245 693 1300 tote
711 1237 815 1299 enimc
834 1244 898 1313 tuo,
918 1242 945 1296 et
985 1247 1032 1300 est
1046 1238 1222 1318 simpliciter
1239 1241 1483 1320 supernaturale,
1505 1249 1540 1302 ut
1557 1244 1592 1302 fi-

346 1345 384 1390 er
400 1333 460 1388 toto
474 1323 652 1404 fortitudine
671 1330 738 1394 toc;
757 1337 873 1380 necnon
888 1337 945 1379 no·
987 1321 1040 1384 des
1059 1321 1163 1398 docet;
1183 1341 1252 1384 uam
1271 1331 1358 1384 actus
1374 1322 1458 1401 fidei,
1479 1325 1546 1404 spei
1568 1334 1595 1386 et

347 1409 464 1472 tissima
492 1405 648 1488 responsio
681 1424 699 1466 a
728 1401 845 1465 Christo
873 1400 948 1478 legis
988 1405 1139 1482 caritatis,
1158 1413 1262 1485 utpote
1279 1409 1522 1487 supernaturalis
1543 1427 1593 1468 or-

348 1491 464 1556 doctori
478 1490 546 1552 data
564 1486 726 1550 sciscitanti
737 1486 773 1548 de
786 1503 891 1562 magno
907 1485 950 1546 le-
990 1487 1080 1566 dinis,
1099 1497 1130 1550 et
1139 1497 1297 1570 praecepta
1309 1489 1420 1569 quibus
1431 1490 1597 1568 iniungre-

349 1577 395 1654 gis
416 1573 554 1636 mandato
570 1571 672 1632 llatth.
689 1588 757 1648 xxu,
774 1568 949 1650 quaeadem
992 1581 1056 1650 tur,
1076 1591 1136 1632 uun
1155 1581 1281 1652 possunt
1302 1591 1356 1653 per
1372 1572 1454 1635 vires
1473 1583 1594 1636 natura·

350 1658 442 1721 verba
459 1664 585 1735 usurpat
603 1673 637 1716 ex
658 1651 887 1715 Deuteronomio
905 1670 953 1713 re·
992 1656 1037 1718 les
1053 1655 1189 1736 implori,
1209 1657 1365 1736 multoque
1390 1658 1495 1718 minus
1512 1667 1596 1720 actus

352 1744 424 1819 lata,
441 1739 576 1820 illudque
595 1739 723 1819 appellat
742 1738 908 1799 monimum
926 1743 953 1796 et
994 1738 1242 1821 perfectissimus,
1262 1739 1433 1802 cuiusmodi
1449 1759 1539 1802 amor
1552 1760 1599 1802 ca·

352 1827 486 1906 primum
503 1825 679 1886 mundatum
692 1822 752 1901 (l).
769 1819 807 1882 Et
821 1819 897 1882 ratio
910 1831 956 1880 est
995 1822 1092 1884 ritatis
1109 1830 1166 1899 est,
1187 1823 1240 1903 qui
1259 1842 1319 1884 nou
1334 1824 1433 1885 solum
1449 1843 1598 1904 superna·

355 1909 426 1992 quia
449 1906 598 1969 eiusmodi
616 1904 736 1968 dilectio
759 1911 805 1966 est
823 1903 956 1964 medium
996 1905 1103 1968 turalis
1131 1913 1177 1966 est
1205 1906 1305 1986 quoad
1330 1907 1476 1983 modum,
1496 1926 1597 1968 rerum

355 1992 560 2056 necessarium
583 1989 621 2052 ad
643 1989 769 2051 salutem
796 1986 896 2070 quoad
922 2005 957 2048 ε·
998 1989 1089 2052 etiam
1107 1990 1195 2067 longe
1209 1989 1397 2070 probabilius
1412 1990 1514 2072 quoad
1528 1992 1599 2052 sub·

356 2077 469 2153 dultos3
485 2074 586 2136 omnia
601 2081 700 2136 autem
717 2071 788 2134 talia
802 2070 899 2132 media
910 2089 960 2132 ca-
1000 2073 1140 2135 stautiam
1160 2073 1220 2153 (b).

325 2195 330 2204 ·
359 2161 433 2222 dunt
460 2160 516 2220 sub
544 2167 747 2239 praeceptum.
774 2154 834 2217 Nec
861 2154 959 2232 obest,
1043 2157 1116 2219 233.
1145 2155 1189 2218 nd
1216 2158 1340 2218 alteram
1369 2174 1460 2236 porro
1490 2165 1600 2238 partem

360 2244 442 2324 quod
452 2243 520 2304 bnis
532 2261 591 2302 non
599 2241 686 2303 cadat
694 2239 750 2301 sub
757 2246 961 2321 praeceptum:
1002 2239 1083 2320 quod
1101 2248 1226 2320 spectat,
1242 2240 1330 2302 lacile
1342 2249 1388 2301 est
1404 2259 1440 2301 ex
1455 2242 1601 2321 praemis·

361 2328 430 2389 linis
452 2345 522 2387 veru
548 2323 698 2406 praecepti
725 2342 760 2384 ex
784 2322 918 2403 apostolo
937 2319 962 2382 l,
1003 2323 1045 2385 sis
1064 2342 1130 2386 eam
1150 2323 1315 2385 adstruere.
1335 2321 1385 2384 Sic
1409 2323 1491 2384 enim
1515 2343 1602 2400 argu-

362 2410 496 2471 Timoth.
520 2427 546 2483 1,
567 2409 597 2484 5,
617 2417 659 2470 εει
672 2407 797 2478 ceritos;
815 2404 964 2486 siquidem
1004 2415 1190 2468 mentamur:
1205 2416 1396 2488 praeceptum
1411 2406 1490 2468 illud
1502 2407 1602 2468 haberi

364 2492 396 2554 id
418 2511 522 2552 verum
549 2497 611 2567 est,
632 2507 699 2551 cum
719 2488 755 2550 de
774 2489 834 2550 fine
852 2487 965 2548 extrin·
1005 2490 1096 2552 debet
1112 2499 1146 2552 ut
1162 2499 1354 2572 praeceptum
1374 2490 1522 2571 speciale,
1542 2499 1604 2551 eta

366 2594 436 2638 seco
452 2575 560 2651 agitur,
579 2573 630 2654 qui
645 2591 662 2634 ε
675 2571 798 2634 materia
816 2569 967 2653 praecepti
1007 2573 1114 2635 ceteris
1125 2574 1309 2651 distinctum,
1325 2573 1407 2654 quod
1425 2575 1605 2655 specialibus

367 2659 576 2735 distinguitur,
598 2655 722 2718 minime
743 2664 844 2717 autem
872 2654 909 2715 de
931 2671 969 2717 eo
1006 2657 1106 2720 verbis
1120 2658 1253 2735 effertur,
1271 2657 1352 2737 quod
1369 2657 1462 2718 babet
1480 2658 1605 2738 speciale

368 2751 543 2823 praecepto,
562 2740 646 2802 cuius
671 2739 796 2801 materia
818 2746 864 2800 est
884 2746 969 2800 actus
1008 2740 1173 2819 obiectum,
1194 2751 1285 2822 atque
1302 2741 1432 2822 speciale
1451 2741 1604 2802 motivum.

369 2827 449 2888 circa
466 2826 564 2907 ipsum
584 2825 673 2886 finem
691 2823 751 2904 (ι).
1009 2823 1071 2886 lam
1091 2843 1160 2886 vero
1181 2833 1372 2905 praeceptum
1395 2823 1433 2885 de
1459 2823 1607 2900 diligendo

412 2911 486 2972 231.
500 2909 562 2970 lloc
571 2917 672 2972 autem
682 2913 873 2988 praeceptum
883 2912 972 2987 prout
1010 2907 1080 2970 lleo'
1088 2909 1308 2989 promulgatum
1323 2918 1370 2970 est
1382 2907 1567 2988 specialibus
1581 2914 1609 2967 et

372 3003 486 3075 spectat
498 2993 535 3055 ad
550 2992 643 3054 Deum
659 2993 748 3052 sruem
761 2999 897 3065 naturae,
914 3008 970 3050 na·
1011 2991 1160 3072 expressis
1178 2991 1288 3070 verbis,
1304 3001 1338 3054 ut
1359 2999 1442 3072 patet
1460 3009 1498 3051 ex
1515 2991 1609 3052 addu-

372 3077 469 3139 turale
488 3085 544 3149 est,
564 3077 634 3156 quia
652 3083 685 3135 ut
702 3073 825 3136 adnotat
843 3092 869 3135 s.
888 3071 972 3134 Tbo·
1013 3075 1069 3136 ctis
1091 3075 1271 3137 testimoniis
1299 3082 1360 3136 tam
1385 3074 1497 3148 veteris
1522 3092 1609 3154 quam

373 3177 438 3222 mas
454 3160 502 3239 (3)
521 3160 568 3219 ius
586 3159 723 3219 naturale
741 3165 787 3220 est
803 3155 840 3218 de
852 3156 901 3218 bis
916 3157 974 3217 bo·
1014 3157 1082 3219 novi
1104 3158 1244 3220 foederis.
1263 3157 1360 3220 Habet
1380 3157 1513 3238 speciale
1527 3159 1610 3218 obie-

374 3243 432 3319 nis,
449 3243 485 3302 ad
502 3260 579 3320 quae
593 3242 685 3301 bomo
698 3248 807 3302 natura
824 3259 878 3301 sua
889 3239 975 3300 iucli·
1014 3251 1108 3318 ctum;
1128 3261 1197 3304 uam
1216 3251 1316 3304 cetera
1333 3249 1494 3323 praecepta
1511 3241 1612 3303 adres

374 3335 481 3401 natum
501 3324 663 3385 inclinatur
689 3331 790 3385 autem
808 3323 900 3384 bomo
919 3341 975 3383 na·
1015 3334 1146 3403 creatas,
1167 3326 1226 3387 boe
1246 3344 1316 3388 sero
1340 3325 1379 3386 ad
1396 3325 1493 3386 Deum
1516 3325 1612 3404 ipsum

375 3416 443 3470 tura
461 3427 516 3470 sua
538 3406 673 3469 adhunc
692 3425 824 3469 amorem
841 3406 903 3485 (l).
923 3405 976 3466 ln·
1015 3409 1155 3471 retertur.
1172 3408 1269 3471 llabet
1285 3407 1415 3488 denique
1437 3407 1571 3488 speciale
1587 3413 1616 3467 et

376 3511 468 3574 super
482 3492 573 3552 bomo
592 3509 626 3554 ex
645 3498 769 3552 naturae
783 3491 848 3568 lege
859 3497 978 3552 tenetur
1016 3491 1075 3553 sibi
1102 3492 1256 3574 proprium
1285 3492 1449 3568 motivum
1466 3490 1615 3572 siquidem

308 3609 312 3634 t
377 3575 607 3653 diligerelleum
628 3584 680 3637 ant
694 3591 843 3654 suprasc,
860 3582 912 3635 aut
929 3591 978 3635 ae·
1017 3586 1175 3656 praecepta
1203 3575 1322 3656 reliqua
1345 3574 1478 3656 aliquam
1508 3575 1618 3635 babent

378 3678 454 3740 que,
474 3667 526 3721 aut
550 3659 628 3721 inira
651 3676 694 3720 se.
720 3657 812 3719 Porro
839 3656 898 3719 duo
921 3676 978 3738 po·
1018 3659 1199 3739 peculiarem
1218 3677 1414 3739 rerumquae
1432 3657 1618 3740 praecipiun-

379 3752 491 3804 strema
522 3741 597 3804 baec
626 3741 684 3802 dici
712 3751 884 3821 nequeunt,
909 3759 979 3802 cum
1018 3751 1067 3803 tur
1087 3743 1336 3819 convenientiam,
1357 3741 1416 3803 boc
1432 3759 1506 3803 aero
1524 3741 1618 3821 ipsam

378 3825 567 3908 impossibile
589 3825 629 3888 sit
653 3833 751 3886 actum
776 3823 978 3886 inordinatum
1019 3824 1073 3888 Dei
1090 3826 1258 3888 absolutam
1279 3835 1309 3888 et
1326 3825 1473 3887 infinitam
1498 3824 1618 3886 bouita-

348 3921 351 3928 ‘
379 3909 512 3990 praecipi
528 3910 593 3989 lege
611 3917 752 3985 naturae3
773 3926 842 3986 ergo
864 3917 982 3970 tenetur
1019 3917 1080 3971 tem
1099 3909 1283 3991 propositam
1297 3908 1400 3986 babet;
1417 3917 1465 3971 est
1480 3927 1553 3986 ergo
1564 3909 1619 3968 boc

380 3992 504 4072 diligere
523 4011 614 4074 super
636 3993 746 4054 omnia.
767 3991 906 4070 Demum,
928 4011 981 4054 ce·
1021 3991 1058 4056 de
1079 3992 1141 4056 lieo
1162 3993 1311 4072 diligendo
1330 4003 1536 4075 praeceptum,
1557 4009 1620 4073 spe·

381 4184 397 4236 h
415 4118 452 4184 (ι)
471 4119 561 4236 Μεὲιιι.
574 4120 705 4238 lllldlbbb
714 4157 724 4201 ⁹.
734 4121 779 4173 ubi
792 4122 932 4175 notandum
945 4131 983 4174 est
1021 4128 1044 4189 1,
1057 4127 1123 4226 2311.
1137 4127 1198 4186 llio,
1211 4131 1260 4174 art.
1273 4128 1306 4188 ὃς
1317 4133 1344 4175 ει
1355 4123 1388 4186 ll,
1401 4129 1427 4187 2,
1439 4139 1468 4190 q.
1478 4126 1583 4184 ιιιμει.
1596 4129 1617 4171 ι.

381 4196 605 4332 ,ltrllltlll
630 4190 983 4325 lllllllall'glill
1022 4191 1094 4310 ni?
1113 4193 1151 4244 ¹²¹
1167 4207 1189 4242 ''
1212 4190 1322 4242 mm..
1344 4194 1368 4254 ¹’
1385 4196 1413 4253 ²'
1429 4207 1458 4258 ‘¹'
1482 4194 1530 4252 δ”
1545 4192 1619 4238 ’Μ

381 4315 501 4400 nonnulli
520 4322 687 4396 affirmarunt,
707 4321 751 4373 sed
777 4325 837 4402 quin
855 4335 893 4376 est
911 4339 985 4404 prne-
1056 4326 1096 4394 (ll)
1113 4323 1181 4376 lbid.
1200 4321 1242 4377 Gi.
1260 4324 1336 4378 ctiam
1357 4327 1472 4387 Suam,
1496 4322 1534 4376 Dr
1549 4325 1619 4373 urii.

381 4392 985 4510 llllfflt‘lslll‘lllrllll‘llll'llt:
1023 4394 1098 4528 rap.)
1116 4398 1184 4509 ila.

383 4533 455 4602 cepta
473 4473 606 4644 gocilopi,
630 4524 674 4577 sed
693 4531 848 4591 supponitur·
866 4475 985 4593 tanguam
1071 4530 1097 4594 ὅ)
1115 4527 1156 4578 Cl.
1168 4525 1276 4590 Suam,
1288 4515 1358 4580 bc(

382 4606 497 4645 omarum
515 4593 561 4646 lun
581 4604 721 4658 emeritum,
732 4603 760 4647 ut
771 4593 846 4648 docet
857 4612 878 4648 ε.
892 4595 985 4650 Thom.
1072 4597 1101 4665 6)
1121 4593 1185 4646 lbid.
