3700 5659
753 522 847 568 caetu
863 523 906 568 tv.
1372 514 1414 576 49

199 621 414 698 nuncupasset
431 613 492 696 (l),
512 631 612 695 neque
627 612 808 696 scripsisset,
850 633 917 680 cum
938 613 1021 676 aliud
1039 614 1079 677 sit
1090 613 1239 699 inspicere
1251 620 1346 683 solem
1360 621 1391 682 in
1408 642 1454 685 se·
1523 637 1528 650 ·

202 698 486 766 Christumdedisse
503 708 636 778 pastores
644 707 669 760 et
683 700 811 760 doctores
850 699 928 780 ipso,
945 698 1028 761 aliud
1046 718 1116 762 tero
1134 720 1188 782 per
1198 703 1301 765 radios
1313 707 1452 785 rellexos,

203 787 244 848 od
261 783 548 846 consummationem
563 791 751 859 sanctornm,
777 783 811 844 in
851 783 903 864 qui
922 782 1132 846 minusluceut
1146 786 1300 863 etardeut;
1311 789 1342 849 d.
1354 791 1455 851 minus

203 887 280 949 eptas
310 867 497 943 ministerii,
529 885 562 928 m
580 867 811 946 aedificationem
851 875 1007 948 praeterea
1026 866 1195 950 deceptioni
1215 871 1363 934 obnoxius
1392 883 1453 951 est,

202 952 345 1032 corporis
374 951 489 1015 Christi
512 950 560 1031 (d)
593 968 647 1011 seu
666 949 812 1012 ecclesiae
851 951 904 1032 qui
920 970 939 1012 a
954 950 1016 1012 Deo
1031 951 1096 1032 ipso
1106 952 1280 1017 immediate
1291 957 1456 1020 credendas

203 1054 280 1098 suae
301 1034 365 1116 (3).
851 1033 993 1096 veritates
1002 1035 1114 1114 haurit,
1125 1056 1216 1117 quam
1226 1038 1278 1118 qui
1287 1057 1340 1119 per
1348 1041 1453 1118 alium;

246 1119 325 1180 180.
345 1116 393 1180 Ad
406 1118 437 1180 d.
463 1119 501 1181 D.
517 1115 633 1178 ludioio
652 1116 812 1180 discretio·
853 1118 884 1180 5.
908 1118 982 1180 satis
998 1118 1078 1180 enim
1112 1129 1158 1182 est
1185 1121 1311 1184 bomani
1335 1126 1455 1200 generis

204 1203 264 1280 nis,
290 1204 344 1270 tt.
363 1202 411 1264 rel
428 1200 599 1277 C.;iudicio
613 1201 769 1282 potestatis
781 1202 813 1264 in
853 1201 1010 1264 historiam
1029 1204 1182 1282 evolvere,
1203 1214 1238 1267 ut
1256 1206 1382 1269 cuilibet
1400 1229 1456 1289 pa-

204 1287 274 1348 lidei
294 1285 432 1364 negotio,
453 1285 490 1347 de
508 1304 568 1365 quo
577 1285 685 1362 agitur,
696 1285 736 1349 N.
747 1285 813 1347 Non
853 1295 924 1360 teat,
942 1305 1033 1367 quam
1050 1287 1137 1349 multi
1152 1296 1183 1349 et
1196 1308 1286 1369 mam
1306 1309 1396 1372 saepe
1412 1293 1456 1352 in·

204 1369 398 1432 aliudvoluit
409 1369 562 1450 apostolus
577 1368 608 1428 iu
618 1368 736 1432 obiecto
746 1370 813 1432 loco
853 1369 1047 1450 tegripopuli
1069 1371 1198 1452 turpiter
1212 1373 1329 1455 decepti
1344 1376 1458 1437 luerint

203 1453 494 1534 significare,quam
511 1453 609 1515 solum
626 1452 812 1548 spiritualem
853 1472 906 1534 per
937 1453 1029 1515 salsas
1065 1455 1211 1536 fictasque
1238 1458 1454 1534 revelationes3

205 1547 235 1600 et
254 1537 429 1618 perlectum
447 1555 535 1617 posse
552 1536 590 1598 de
605 1536 813 1618 spiritualibus
854 1539 884 1600 6.
906 1536 1024 1618 quodsi
1039 1539 1176 1600 nonnulli
1191 1540 1281 1602 etiam
1298 1541 1457 1622 decipiun-

205 1622 377 1702 prudenter
394 1629 424 1682 et
439 1639 507 1682 cum
519 1619 689 1696 cognitione
704 1639 814 1683 causae
853 1629 913 1696 tur,
932 1621 1003 1682 dum
1023 1619 1139 1702 putant,
1169 1641 1202 1684 se
1230 1624 1376 1686 illustrari
1396 1627 1457 1687 im-

204 1707 262 1768 rite
279 1703 814 1780 decernere,addiscrimenliominis
854 1705 1235 1768 mediatarevelationeaut
1245 1707 1455 1788 inspiratione,

206 1788 364 1866 animalis,
385 1787 488 1869 quide
505 1788 552 1849 his
570 1788 645 1848 nihil
660 1787 812 1867 intelligit,
853 1790 971 1850 nullum
990 1789 1097 1851 exinde
1105 1790 1143 1851 iis
1151 1792 1287 1870 provenit
1298 1791 1455 1868 damnum,

207 1883 356 1953 tanquam
376 1890 496 1950 caecus,
517 1871 569 1953 qui
582 1871 716 1935 iudicare
738 1891 814 1934 cou-
854 1872 924 1934 dum
942 1873 973 1933 in
993 1872 1073 1935 bona
1090 1873 1150 1935 tide
1167 1884 1343 1952 versantem
1367 1879 1396 1938 l.
1421 1899 1457 1938 eo

206 1957 350 2020 tenderet
376 1956 412 2018 de
431 1956 544 2017 colore.
566 1955 659 2036 ldque
685 1957 723 2018 ad
741 1975 814 2037 pro·
852 1957 899 2018 vel
918 1955 1025 2033 magis,
1045 1957 1127 2038 quod
1146 1957 1295 2019 eiusmodi
1320 1960 1457 2040 deceptio

208 2042 303 2121 priam
318 2048 550 2119 ceterorumque
563 2039 812 2118 aedificationem,
854 2039 1052 2102 exorationis
1076 2040 1194 2102 delectu
1225 2042 1321 2122 repeti
1349 2044 1458 2105 debeat

208 2144 267 2185 non
286 2132 392 2186 autem
403 2123 483 2204 quod
492 2142 524 2186 se
532 2132 634 2204 posset
644 2123 675 2184 iu
685 2124 814 2186 iudicem
854 2143 889 2185 ac
905 2123 1024 2185 debitae
1042 2124 1259 2206 dispositionis,
1280 2145 1348 2188 carru
1367 2128 1457 2189 Chri-

209 2209 327 2285 erigere
360 2207 392 2268 iu
422 2207 635 2268 controversiis
662 2208 757 2286 fidei,
783 2215 816 2270 ut
855 2215 918 2269 stus
937 2207 1079 2270 omnibus
1108 2209 1260 2288 pollicitus
1286 2229 1376 2291 saepe
1395 2212 1455 2288 sit,

211 2291 358 2354 haeretici
377 2291 571 2352 contendunt.
593 2288 650 2361 Qui
662 2300 816 2372 praeterea
856 2311 888 2353 se
907 2291 1048 2353 daturum
1061 2290 1205 2374 Spiritum
1224 2293 1336 2355 bonuau
1355 2305 1459 2376 peten-
1549 2335 1553 2346 ι

211 2375 240 2435 iu
259 2395 294 2438 eo
317 2383 432 2452 errant,
452 2374 552 2456 quod,
573 2374 677 2436 tideles
712 2394 816 2438 omues
857 2375 939 2438 tibus
956 2394 989 2437 se
1007 2376 1068 2457 (5).
1089 2377 1179 2454 Ergo.

215 2455 391 2540 spirituales
416 2473 482 2520 esse
511 2467 694 2544 supponunt,
726 2459 816 2520 dum·
900 2460 973 2520 t82.
993 2458 1083 2542 Resp.
1101 2461 1138 2521 ad
1154 2462 1183 2521 l.
1202 2461 1239 2524 b.
1260 2462 1459 2524 lntermedius

214 2544 299 2604 uredo
321 2543 384 2606 sint
402 2550 611 2623 protestantes,
632 2557 700 2604 cum
716 2551 817 2605 tamen
856 2543 1276 2625 indiscriminatimsumptus,
1289 2549 1459 2623 C.;electns

216 2629 402 2708 exploratum
423 2626 472 2704 sit,
494 2627 596 2707 plures
614 2627 717 2688 fideles
748 2646 816 2690 car·
857 2627 950 2689 allec
969 2647 1030 2689 una
1042 2647 1110 2688 cum
1131 2629 1277 2690 subsidiis
1295 2632 1457 2707 omnibus,

215 2712 294 2772 nates
315 2729 384 2774 esse
400 2723 430 2772 et
447 2710 591 2772 animales
609 2710 668 2791 (d).
687 2709 730 2772 lta
748 2729 817 2773 vere
857 2730 935 2791 quac
955 2711 993 2773 ad
1012 2712 1160 2773 eiusmodi
1179 2715 1310 2776 alliciam
1331 2715 1387 2775 rite
1402 2717 1459 2775 ob-

220 2803 261 2855 est
274 2793 438 2876 Scripturis
455 2793 628 2857 abutiadse
640 2802 817 2876 ceterosque
857 2795 1456 2873 eundumnecessariasunt,mannitusll'.

222 2877 419 2959 decipiendos.
856 2877 937 2939 Deus
956 2879 1089 2959 prolecto
1110 2880 1370 2959 sapientissimus,
1391 2902 1459 2943 cuni

264 2963 329 3024 tst.
350 2961 388 3024 ll.
410 2959 466 3023 Obi
483 2961 515 3032 l2
533 2959 564 3023 si
576 2969 706 3042 ponatur
721 2961 817 3024 inter·
858 2961 977 3022 ordinat
992 2962 1091 3024 media
1103 2962 1461 3043 adfinem‚optimenorit

225 3045 333 3108 medius
349 3046 445 3107 Deum
467 3045 546 3106 inter
561 3054 590 3107 et
609 3045 761 3108 hominem
786 3046 817 3106 in
857 3045 932 3106 haec
950 3045 1060 3107 idonea
1073 3047 1203 3125 efficere,
1216 3047 1299 3108 itaut
1312 3049 1381 3110 linis
1396 3060 1459 3110 tuto

222 3126 268 3205 iis,
286 3149 363 3211 quae
381 3129 419 3190 ad
441 3118 531 3190 sidem
561 3129 722 3210 pertinent,
744 3129 818 3191 baec
858 3129 1042 3190 obtineatur.

221 3214 273 3274 erit
287 3215 389 3276 minus
405 3213 509 3288 sirma3
530 3213 561 3274 2.
582 3213 731 3294 siquidem
757 3213 818 3274 im·
903 3215 975 3275 183.
992 3213 1037 3274 Ad
1051 3213 1082 3273 t.
1103 3215 1142 3275 ll.
1163 3213 1271 3291 Homo,
1292 3235 1352 3295 quo
1381 3216 1461 3276 Deus

220 3297 365 3359 minuitur
373 3297 438 3358 eius
446 3297 592 3358 certitudo
605 3316 639 3358 en
648 3297 725 3377 ipso,
737 3297 818 3377 quod
859 3304 1001 3378 tanquam
1018 3297 1198 3358 intermedio
1214 3300 1318 3376 utitur,
1337 3300 1461 3360 minoris

217 3378 263 3440 bic
283 3381 494 3458 intermedius,
513 3377 628 3442 scilicet
643 3381 747 3458 bomo,
765 3381 820 3442 mi·
860 3400 913 3442 seu
932 3380 1085 3442 inferioris
1104 3383 1291 3444 auctoritatis
1307 3393 1352 3444 est
1370 3403 1460 3463 quani

217 3465 297 3527 noris
317 3483 373 3527 seu
391 3463 542 3526 interioris
570 3464 609 3526 sit
633 3463 819 3527 auctoritatis
861 3465 951 3542 Deus,
967 3466 998 3525 in
1013 3483 1057 3540 se,
1081 3466 1130 3540 c.;
1146 3475 1242 3545 prout
1258 3475 1304 3527 est
1332 3467 1382 3527 Dei
1412 3467 1461 3526 in-

216 3566 304 3626 quam
325 3548 380 3610 Dei
400 3547 573 3626 auctoritas
596 3562 820 3630 aquaproma-
860 3557 1073 3624 strumentum,
1087 3548 1207 3611 N.Nam
1227 3551 1460 3610 instrumentum

215 3641 283 3712 nat;
299 3632 466 3696 3.minoris
474 3631 586 3713 pariter
594 3641 640 3695 est
655 3632 816 3712 efficaciae,
859 3651 877 3693 a
894 3631 1054 3712 principali
1074 3641 1179 3708 agente
1194 3639 1287 3693 totam
1305 3634 1364 3693 vim
1375 3651 1460 3694 suam

244 3783 283 3852 (l)
304 3784 324 3834 l.
344 3781 414 3833 Tim.
428 3781 462 3845 ll,
475 3786 501 3832 7.
892 3779 931 3848 (tt)
949 3779 990 3831 Cf.
1011 3778 1110 3832 Estium
1128 3780 1153 3831 in
1172 3779 1242 3831 buno
1260 3782 1308 3831 loc.
1329 3779 1461 3846 Quemad-

245 3853 284 3918 (Ξ)
299 3849 395 3918 pres.
410 3849 454 3916 lV,
468 3855 510 3910 tl,
525 3853 566 3900 ta.
859 3847 962 3897 modum
975 3848 1036 3897 olim
1055 3847 1163 3913 gnostici
1181 3863 1208 3898 se
1226 3852 1365 3910 spiritualer
1382 3865 1459 3897 voca-

245 3921 283 3985 (5)
314 3917 451 3969 Praeclare
478 3915 639 3982 Augustinus
666 3915 818 3978 adnotavit,
858 3913 930 3976 bant,
949 3915 1087 3965 catholicos
1108 3931 1171 3965 vero
1194 3920 1321 3975 satiantes,
1339 3917 1374 3966 ita
1393 3933 1462 3966 raeiric

213 3982 285 4037 illurn
305 3987 412 4053 proprie
434 3985 585 4051 magistrum
607 3999 661 4033 esse
699 3983 744 4050 qui
770 3981 818 4034 do·
859 3990 1028 4048 protestantes
1044 3998 1071 4032 se
1092 3989 1198 4049 gerunt.
1222 3983 1289 4032 Satis
1311 3992 1349 4034 est
1372 3999 1462 4050 quem-

214 4055 322 4106 ctrinam
339 4053 444 4104 habeta
462 4068 500 4114 sc,
518 4067 631 4102 neceam
648 4023 681 4100 ab
699 4050 749 4100 alio
762 4067 819 4101 mu·
859 4050 928 4116 piam
945 4066 999 4100 esse
1016 4050 1175 4102 haereticum
1195 4061 1239 4101 aut
1258 4060 1439 4118 protestantem
1455 4086 1462 4111 ‚

213 4127 316 4185 tuetur,
333 4119 478 4173 cuiusmodi
504 4120 618 4186 prolecto
637 4118 733 4170 exstitit
744 4116 819 4169 Chri·
860 4127 889 4169 ut
907 4117 980 4169 illico
999 4117 1141 4184 spiritualis
1158 4118 1283 4169 evadatet
1296 4119 1327 4169 ad
1347 4118 1464 4170 iudican-

214 4198 273 4242 stus.
292 4190 336 4242 Sic
365 4190 434 4240 enim
462 4187 553 4238 scribit
582 4186 692 4236 Retract.
716 4185 762 4236 lib.
782 4189 793 4235 l
809 4221 818 4248 ,
858 4185 920 4236 dum
938 4183 971 4235 de
988 4185 1108 4237 omnibus
1125 4184 1254 4246 idoneus,
1277 4196 1365 4238 contra
1384 4203 1463 4247 vcro,

213 4271 270 4324 cap.
290 4263 338 4310 tt:
362 4279 380 4336 ‚⁸
402 4253 537 4333 Paridem
560 4262 662 4320 tempus
679 4253 768 4336 topipsi
787 4253 819 4332 li·
858 4261 987 4330 quotquot
999 4253 1125 4333 ,ratbolioi
1141 4262 1213 4315 siant,
1226 4254 1349 4332 aninmles
1367 4263 1391 4304 et
1408 4255 1464 4332 spi-

214 4319 623 4459 littttlttt‘tillitati
638 4323 818 4450 tttttttl:
858 4329 916 4439 ill
929 4319 1058 4438 1⁶⁸⁸‘'‘¹¹‘¹
1084 4331 1248 4390 “m“
1275 4320 1378 4389 ⁰⁹²''¹¹⁰
1400 4337 1463 4464 f¹⁰¹'

214 4460 362 4524 magistrum
389 4473 440 4510 non
458 4455 598 4518 eaae‚nisi
616 4456 661 4520 qui
678 4453 753 4506 docet
770 4455 818 4506 bo-
892 4454 932 4524 (d)
950 4454 986 4505 lta
1004 4453 1097 4507 ldonod
1118 4455 1145 4506 in
1169 4469 1214 4505 sua
1237 4454 1345 4515 bacillo,
1361 4469 1406 4522 qur
1426 4463 1464 4502 tc-

214 4527 309 4576 minem
327 4527 472 4587 scientiam,
490 4522 653 4584 mellisam,
675 4521 818 4574 secundum
859 4537 918 4574 meu
937 4521 1004 4574 nibil
1022 4523 1082 4573 novi
1096 4522 1208 4590 profert,
1228 4531 1253 4571 et
1265 4521 1333 4590 quod
1349 4522 1397 4570 iam
1411 4537 1461 4570 non

213 4592 278 4642 illud
297 4595 384 4654 etiam,
403 4591 471 4661 quod
492 4592 517 4642 in
536 4589 676 4656 Evangelio
693 4591 818 4656 scripturn
860 4590 940 4640 luerit
956 4588 1083 4642 aduobus
1096 4590 1205 4641 saeculis
1218 4606 1231 4639 a
1244 4589 1400 4639 bellarmino
1412 4589 1464 4638 ms-

212 4669 265 4710 est:
287 4660 352 4710 Unus
370 4667 404 4710 cet
425 4663 543 4721 mastiter
559 4663 651 4718 aester,
666 4657 819 4716 Christum
860 4657 965 4708 iactum.

297 4759 450 4833 Piauuouu,
472 4758 512 4818 De
538 4757 711 4819 Virtutibus.
1221 4768 1224 4774 ‘
1360 4754 1378 4814 3
