3700 5659
417 465 460 530 bo
943 483 981 528 ns
998 485 1065 530 runs

375 575 565 658 interpretati
587 585 668 658 suut,
689 579 722 640 ul
738 577 893 654 docerent,
916 577 981 640 cui·
1021 579 1054 640 bo
1071 586 1098 640 et
1116 595 1168 658 ego
1184 595 1250 642 tuor
1269 596 1369 642 eorum
1381 579 1470 642 botre
1482 599 1555 656 ntro,
1570 589 1615 664 pst

373 662 658 743 cumquealquei'n
681 663 905 743 quolibetcasu
923 681 979 724 ne-
1020 663 1052 724 t'u
1072 664 1157 726 coelis
1175 671 1287 736 eet;et
1319 663 1398 744 apud
1429 663 1540 728 Lucam
1569 688 1611 743 u,
1680 699 1681 702 ¹

375 748 502 808 insusse
520 746 559 808 ad
574 746 811 828 persecutionem
827 745 978 808 uitandum
1019 746 1059 807 bd
1089 745 1229 810 similiter
1258 748 1356 828 inquit
1381 747 1542 811 Christus:
1565 757 1615 826 (tui

374 830 476 907 lugam
503 829 662 912 arripere,
681 831 794 913 quippe
824 830 928 912 quod,
949 841 979 894 et
1019 849 1063 892 rue
1097 832 1253 894 erubuerit
1285 840 1313 894 et
1345 850 1422 894 meos
1450 851 1614 910 sermones,

375 914 615 996 persecutionem
648 915 760 978 bonam
788 935 856 978 esse
886 925 978 977 autu·
1018 915 1096 976 buno
1114 916 1212 978 Filius
1233 917 1363 978 bourinir
1381 917 1541 992 erubescet,
1557 938 1618 982 ertio

375 1009 504 1076 merent,
520 1019 555 1062 ac
573 999 654 1062 nolle
670 1000 702 1062 in
720 999 930 1082 persecutione
945 1003 979 1062 b·
1018 999 1132 1062 oenerit
1152 1001 1185 1062 in
1210 1001 1363 1062 rrroimtote
1380 1019 1458 1076 suo,
1478 1011 1505 1064 et
1523 1003 1618 1067 Putris

374 1083 442 1145 dem
459 1083 596 1147 confiteri
610 1083 734 1164 perinde
752 1103 820 1146 esse
839 1103 874 1146 ac
887 1083 977 1148 iidem
1017 1092 1043 1146 et
1064 1093 1235 1148 sanctornm
1254 1086 1441 1164 angelornm.

375 1185 496 1245 negare.
517 1167 561 1230 lta
592 1167 715 1249 quidem
747 1167 975 1246 Tertullianus,
1060 1169 1134 1230 397.
1155 1167 1186 1230 2.
1207 1167 1338 1249 ldipsum
1350 1165 1496 1231 evincitur
1510 1187 1545 1230 ex
1558 1189 1617 1250 per-

373 1251 428 1332 qui
447 1251 504 1314 boc
519 1251 556 1314 de
574 1261 750 1329 argumento
772 1253 923 1330 integrum
938 1252 977 1314 li·
1017 1261 1108 1334 petuo
1146 1252 1294 1314 ecclesiae
1330 1271 1421 1316 sensu
1450 1253 1617 1334 agendique
1680 1289 1681 1292 =

375 1335 463 1397 brum
483 1336 603 1418 scripsit
618 1336 680 1419 (l).
1017 1336 1134 1400 ratione
1152 1335 1285 1398 bdelium
1305 1336 1412 1417 quovis
1429 1339 1568 1400 saeculo.
1581 1335 1619 1400 Si·
1680 1355 1681 1377 ³

417 1421 491 1482 393.
526 1420 668 1483 Nonnulli
686 1420 786 1484 media
813 1420 905 1484 veluti
931 1419 978 1483 via
1018 1421 1139 1502 quidem
1166 1421 1213 1484 bis
1234 1420 1343 1484 Christi
1361 1419 1460 1482 uerbis
1477 1421 1618 1506 instituti,
1676 1427 1681 1513 s

372 1502 547 1567 incedentes
562 1505 733 1568 inficiantur
749 1505 871 1586 quidem
889 1523 978 1587 posse
1018 1504 1169 1568 innumeri
1194 1505 1341 1585 cuiusque
1359 1504 1486 1582 aetatis,
1507 1525 1618 1581 sexus,
1680 1513 1681 1516 ’

374 1589 547 1670 quempiam
570 1586 659 1651 iidem
681 1589 847 1668 abnegare,
867 1598 914 1652 ast
933 1589 978 1652 si·
1018 1589 1198 1652 conditionis
1223 1609 1258 1652 ac
1290 1589 1420 1652 nationis
1438 1589 1619 1667 christiani,

373 1674 438 1736 mul
462 1673 660 1751 contendunt,
678 1675 724 1736 ias
741 1674 892 1737 interdum
910 1692 978 1738 esse
1017 1674 1134 1750 rigente
1164 1673 1406 1755 persecutionum
1426 1682 1536 1749 aestu,
1565 1695 1619 1736 non
1680 1691 1681 1694 ’

373 1757 480 1820 ialsam
503 1757 678 1835 religionem
698 1759 842 1820 simulare
857 1758 895 1820 ad
913 1777 978 1820 sea
1018 1760 1116 1820 solum
1136 1758 1241 1840 primis
1254 1758 1399 1820 ecclesiae
1411 1758 1555 1835 saeculiS,
1574 1759 1621 1820 sed
1680 1791 1681 1799 κ

345 1841 584 1922 'persecutione
612 1843 713 1906 eiusne
740 1843 874 1926 periculo
900 1842 977 1905 sub·
1018 1842 1124 1923 quovis
1159 1851 1315 1923 tempore,
1343 1861 1378 1904 ac
1401 1851 1503 1903 nostra
1531 1843 1619 1906 etiam

372 1926 580 1989 strabendum.
1018 1937 1126 2004 aetate,
1147 1926 1367 1990 infensissimos
1385 1925 1555 1988 catholicae
1572 1947 1618 1988 ec-

415 2009 599 2083 39lllunm
614 2021 805 2094 praeceptum
822 2011 890 2074 bdei
910 2031 979 2094 pro·
1018 2011 1128 2075 clesiae
1148 2011 1250 2074 hostes
1279 2011 1431 2088 vicerunt,
1459 2029 1495 2072 ac
1524 2013 1621 2092 potius
1676 2047 1681 2081 r

372 2095 503 2157 blendae
519 2097 657 2158 bilariam
670 2097 882 2176 distinguatur,
897 2097 979 2159 scili·
1018 2115 1108 2176 quam
1123 2094 1273 2158 Christum
1289 2095 1482 2172 abnegarent,
1502 2105 1558 2157 aut
1577 2116 1621 2158 sn·
1673 2123 1681 2179 p

372 2189 421 2241 cet
433 2179 646 2262 interpetioum
661 2191 690 2243 et
704 2181 735 2242 iu
749 2182 977 2262 offirmotionm:
1019 2179 1199 2261 perstitiosis
1218 2199 1251 2242 se
1269 2179 1418 2241 idolorum
1439 2179 1535 2240 sacris
1557 2183 1621 2262 pul·
1676 2179 1677 2248 l

372 2265 542 2342 negativum
555 2265 781 2347 seuprohibens
789 2265 976 2342 negationem
1018 2263 1146 2342 luerent,
1164 2283 1224 2326 uon
1242 2265 1340 2328 solum
1360 2262 1462 2324 omnia
1481 2263 1560 2324 ritae
1581 2265 1622 2326 iu·
1675 2309 1677 2338 ,

371 2347 454 2425 fidei,
474 2350 682 2412 affirmativum
699 2358 800 2412 eutem
818 2351 884 2412 eius
905 2369 977 2432 pro·
1017 2348 1187 2426 commoda,
1198 2348 1426 2412 molestissimas
1438 2347 1620 2428 privationes

372 2431 535 2494 sessionem
562 2435 769 2516 praecipiens,
792 2453 827 2496 ac
845 2434 902 2496 iste
927 2451 977 2497 se·
1018 2443 1048 2495 et
1066 2433 1250 2496 calamitates
1269 2433 1467 2516 pertulerunt,
1485 2432 1538 2494 sed
1572 2453 1620 2494 ex·
1676 2435 1678 2490 l

373 2516 492 2578 cuudus
525 2527 679 2599 respectus
711 2519 802 2580 huius
827 2519 977 2600 praecepti
1018 2518 1130 2600 quisita
1148 2517 1295 2600 supplicia
1323 2535 1358 2579 ac
1386 2515 1621 2578 immanissimos
1676 2517 1678 2592 ζ

374 2600 508 2663 lucerna
528 2603 663 2679 negativo
683 2611 849 2679 mutuetur,
865 2603 976 2666 idcirco
1018 2611 1130 2666 mortes
1152 2601 1363 2684 oppetierunt:
1384 2600 1465 2682 quod
1485 2601 1619 2681 prolecto
1680 2639 1681 2644 κ

373 2683 412 2745 ad
431 2692 523 2748 totam
538 2687 615 2750 banc
630 2689 704 2750 satis
719 2687 868 2749 difficilem
885 2705 977 2768 quae·
1017 2696 1122 2750 contre
1139 2685 1306 2765 ingenitum
1321 2686 1410 2762 ritae,
1425 2683 1576 2746 libertatis
1588 2705 1621 2748 ae
1680 2720 1681 2726 κ

371 2769 502 2832 stiouem
524 2771 652 2851 maiori,
677 2788 738 2854 qua
755 2790 809 2854 per
827 2791 881 2834 nos
908 2781 974 2854 pnt-
1018 2771 1169 2834 felicitatis
1188 2789 1321 2834 amorem
1353 2788 1509 2850 nunquam
1529 2769 1621 2832 iecis-
1677 2771 1678 2792 l

373 2854 454 2932 erit,
488 2856 700 2938 perspicuitate
735 2854 926 2918 evolvendam
960 2877 977 2918 a
1017 2865 1108 2930 sent,
1128 2854 1187 2918 nisi
1217 2873 1392 2936 persuasum
1411 2861 1575 2934 ratumque
1592 2854 1620 2914 i·
1680 2909 1681 2927 ζ

314 2960 317 2962 ’
373 2937 468 3018 priori
487 2949 645 3022 respectu,
662 2941 811 3021 negativo,
836 2941 976 3004 exordie-
1017 2941 1079 3022 psis
1096 2940 1213 3016 luisset,
1234 2957 1294 3002 non
1309 2939 1406 3000 solum
1427 2938 1576 3000 internam
1589 2940 1622 2998 sr-
1680 2973 1681 2980 κ

372 3023 974 3109 mur,utdeindeceterapersequnmur.
1017 3024 1065 3086 dei
1084 3023 1307 3100 constantiam,
1332 3021 1490 3086 sedetiam
1521 3033 1621 3084 exter·
1677 3061 1681 3108 j

1004 3128 1085 3172 -nam
1101 3108 1316 3191 professionem
1335 3125 1401 3170 esse
1418 3105 1510 3166 rebus
1525 3107 1627 3191 omni·¹
1677 3111 1681 3184 ³,

564 3191 740 3240 PR⁰P⁰⁵¹T¹⁰
758 3194 779 3238 ¹·
1018 3193 1074 3256 bus
1093 3213 1129 3256 ac
1147 3191 1205 3274 ipsi
1223 3193 1299 3254 vitae
1319 3189 1555 3256 anteferendam.
1625 3197 1627 3200 ’
1678 3223 1681 3266 p

388 3273 524 3338 Nnupunnt
540 3279 675 3326 ebriotienn
696 3279 749 3327 ltcet
765 3281 837 3340 {lolem
853 3281 960 3330 aterius
1061 3279 1134 3342 398,
1155 3279 1186 3340 3,
1213 3275 1296 3338 Hanc
1326 3293 1414 3358 porro
1443 3275 1620 3351 agendipa-
1680 3309 1681 3322 i

458 3345 578 3406 “mim
593 3359 746 3408 WW‘
762 3350 889 3396 nemaeo.
1018 3361 1129 3426 tionem
1151 3381 1185 3424 en
1204 3359 1350 3424 ecclesiae
1371 3377 1526 3421 sensueos
1543 3360 1621 3420 bau·

416 3441 490 3507 395.
509 3442 593 3508 Fidei
603 3446 749 3525 negatio,
767 3454 829 3508 tum
848 3446 973 3526 verbis,
1017 3446 1114 3521 sisse,
1137 3454 1217 3528 patet
1236 3464 1271 3507 en
1290 3443 1391 3522 modo,
1411 3461 1471 3524 quo
1491 3443 1623 3504 ecclesia·
1680 3479 1681 3520 3

371 3535 436 3590 lum
449 3529 536 3592 lactis
551 3530 725 3608 contingere
737 3539 846 3612 potest3
864 3540 977 3594 utram·
1016 3549 1050 3594 se
1067 3529 1159 3609 gessit
1176 3549 1243 3592 uum
1256 3529 1305 3606 iis,
1319 3527 1383 3610 qui,
1399 3526 1615 3608 suppliciorum

371 3631 432 3694 que
450 3621 551 3678 autem
575 3616 815 3696 complectimur,
834 3632 975 3678 asseren·
1016 3615 1062 3677 rel
1084 3624 1257 3696 conspectu,
1276 3614 1322 3675 rel
1343 3611 1551 3688 diuturnitate,
1572 3613 1617 3672 rel

370 3705 429 3774 tes,
449 3717 604 3780 nunquam
627 3699 791 3762 christiano
821 3700 912 3763 licere
937 3701 974 3762 tt·
1017 3699 1140 3762 saevitia
1155 3699 1245 3776 victi,
1266 3706 1459 3778 tyrannorum
1482 3695 1619 3776 postula·

369 3781 438 3844 dem
458 3785 590 3846 exterius
623 3803 744 3862 negare.
773 3784 862 3846 Plura
880 3793 973 3863 sunt,
1019 3781 1066 3859 tis,
1091 3783 1161 3846 licet
1179 3782 1217 3844 ad
1236 3791 1354 3862 tempus
1372 3788 1486 3842 tanturn
1504 3787 1535 3840 et
1548 3797 1620 3860 spe·

371 3882 451 3945 quae
470 3869 648 3930 catholicam
668 3869 745 3930 bano
764 3868 930 3931 doctrinam
945 3888 976 3932 e·
1017 3865 1062 3928 oie
1082 3875 1190 3944 tenus,
1207 3873 1373 3928 cesserunt.
1391 3861 1462 3926 Nam
1479 3863 1619 3944 explora·

370 3949 507 4013 vincunt.
1018 3960 1078 4012 tum
1096 3960 1152 4028 est,
1169 3969 1222 4014 eos
1235 3961 1294 4012 tam
1309 3948 1390 4027 gravi
1405 3945 1532 4010 crimine
1551 3965 1619 4008 reos

414 4034 539 4096 suune
560 4036 589 4096 l.
605 4033 803 4098 disertissima
822 4033 874 4098 illa
892 4035 977 4100 Chri·
1018 4035 1137 4098 babitus
1155 4035 1260 4112 luisse,
1275 4042 1378 4096 utnon
1399 4031 1455 4094 nisi
1474 4031 1619 4113 posticu-

370 4114 409 4177 sti
428 4117 519 4180 rerba
537 4118 641 4180 ldattb.
666 4136 694 4197 x,
719 4120 771 4196 32,
791 4121 851 4182 331:
870 4122 977 4186 Ombis
1017 4139 1052 4198 ga
1070 4119 1292 4199 durissimaque
1307 4115 1510 4198 poeniteutiae
1528 4131 1620 4195 opem

357 4202 782 4282 ‘grtirmfitebttnrmecornm
791 4206 974 4284 tebainibus,
1016 4203 1237 4268 ecclesiasticae
1251 4199 1457 4264 communioni
1476 4200 1618 4262 restitue-

367 4287 528 4366 confitebor
547 4296 575 4350 et
599 4303 738 4366 egoeunr
758 4304 858 4350 eororn
885 4291 977 4354 Putre
1015 4297 1130 4351 rentur.
1169 4286 1232 4350 lmo
1265 4284 1344 4367 apud
1372 4284 1534 4348 nonnullas
1563 4299 1617 4342 ec-

367 4388 443 4448 meo‚
465 4372 517 4452 gni
529 4371 719 4435 incoelisest.
735 4372 794 4448 Qui
808 4381 905 4436 notem
927 4393 977 4438 ue·
1016 4373 1123 4434 elesius
1147 4371 1178 4433 in
1197 4390 1282 4433 more
1300 4369 1381 4446 luit,
1401 4378 1487 4430 utne
1503 4367 1534 4428 in
1552 4365 1617 4454 ipso

363 4454 484 4536 paverit
502 4475 549 4519 ore
565 4472 668 4520 rorum
685 4456 866 4535 muricibus,
886 4476 976 4542 nepo·
1017 4457 1138 4537 quidem
1159 4454 1265 4517 mortis
1283 4453 1410 4516 articulo
1428 4451 1466 4514 ud
1481 4451 1618 4513 euchata·

1016 4541 1109 4602 stieae
1129 4559 1249 4602 irrernsne
1281 4536 1538 4622 participationem
1559 4529 1617 4592 ab·

400 4638 440 4705 (t)
464 4642 502 4703 tte
516 4641 577 4713 tage
601 4643 627 4691 ta
643 4644 818 4716 permulto-e.
973 4627 975 4632 ’
1016 4624 1216 4702 mitterentur,
1239 4631 1271 4684 ut
1289 4623 1388 4706 palam
1416 4619 1449 4683 lit
1467 4639 1501 4684 ex
1520 4613 1616 4702 pluri-
