3700 5659
395 534 457 597 tlt
913 546 953 590 nu
971 547 1037 590 rme

354 641 520 707 historicis.
544 639 666 720 Legitur
689 639 768 703 enim
799 639 863 702 bct.
892 656 952 718 ux,
997 659 1051 702 nos
1065 657 1127 702 nors
1141 638 1278 721 potimur
1293 639 1352 722 (l).
1367 637 1422 704 Sic
1435 637 1524 703 etiam
1534 659 1597 704 con·

359 731 417 791 le:
437 728 527 794 Multi
544 744 582 788 ee
606 727 659 804 eis,
680 727 733 806 qui
756 726 879 804 socrant
901 741 955 786 crs·
997 723 1099 786 cilium
1116 723 1273 786 nicaenum
1297 725 1412 808 scripta
1443 725 1508 787 Arii
1535 745 1599 787 con·
1670 718 1671 729 ’

357 814 441 876 rtoso
469 811 591 888 sectati,
611 810 800 872 contulerunt
826 809 916 871 libros
930 815 957 870 et
997 807 1158 885 demnarit,
1184 815 1260 871 teste
1279 805 1405 872 Socrate
1414 809 1480 890 (5),
1498 827 1532 871 ac
1547 810 1599 885 legi

358 896 581 961 combusserunt
610 910 710 956 corom
738 894 897 965 omnibec;
931 898 958 953 et
998 891 1115 970 vetuit,
1138 900 1171 954 ut
1201 892 1307 956 scribit
1337 891 1526 954 sozomenes
1545 894 1599 973 (6),

359 978 534 1058 computatis
549 978 653 1056 pretiis
679 978 822 1051 illorum,
842 977 960 1038 incerte·
999 975 1140 1037 Pluribus
1157 976 1299 1057 exemplis
1319 995 1397 1056 opus
1416 995 1481 1038 non
1504 983 1549 1037 est
1570 977 1602 1037 ed
1653 1033 1655 1042 .

359 1072 436 1127 runt
450 1062 611 1141 pecuniam
643 1061 838 1123 boariorum
867 1059 960 1138 poiss—
1001 1058 1604 1140 ostendendum,Ecclesiamquoristem·

361 1146 507 1225 puopinto
525 1145 653 1207 millium
666 1143 727 1224 (l).
754 1141 841 1214 Quod
863 1161 962 1204 esem·
1002 1163 1073 1225 pore
1093 1142 1198 1204 noxios
1216 1141 1311 1205 libros
1329 1142 1561 1224 proscripsisse.
1576 1139 1603 1203 Si

363 1231 445 1311 plum
462 1227 553 1290 aetati
567 1226 738 1307 insequenti
763 1246 870 1288 norma
891 1225 959 1286 luit.
1004 1227 1071 1308 quis
1090 1227 1176 1308 plura
1200 1226 1296 1306 cupit,
1328 1227 1445 1308 poterit
1476 1225 1606 1303 egregios

364 1313 487 1375 Celebre
502 1311 671 1373 estfactum
690 1310 771 1391 quod
784 1311 875 1372 refert
892 1308 964 1370 ‘l'er-
1004 1319 1153 1388 auctores,
1175 1309 1228 1390 qui
1244 1311 1299 1371 hac
1318 1309 1408 1371 dere
1429 1309 1503 1370 datu
1523 1327 1605 1390 opera

365 1396 509 1458 tullianus
541 1394 577 1455 de
609 1393 739 1473 quodam
768 1393 963 1474 presbytero,
1005 1393 1202 1474 scripserunt,
1216 1393 1373 1454 consulere
1385 1393 1453 1473 (Ἰ).

364 1479 452 1541 Pauli
469 1486 615 1553 amatore,
626 1476 678 1557 qui
686 1475 826 1558 periodos
836 1475 966 1538 Theclae
1048 1479 1121 1538 583.
1142 1475 1266 1554 Quarto,
1285 1495 1339 1537 nec
1355 1477 1463 1538 miuus
1482 1475 1610 1536 luculen-

367 1561 472 1637 edidit‚
489 1579 544 1622 nee
573 1579 633 1620 non
662 1559 797 1622 eiusdem
831 1557 967 1640 Apostoli
1008 1569 1052 1624 ter
1087 1560 1217 1641 idipsum
1246 1559 1405 1622 conficitur
1436 1579 1474 1621 ex
1503 1557 1609 1634 gravis-

368 1645 495 1707 conficta
510 1643 619 1705 itinera
634 1662 669 1704 ac
689 1653 784 1721 gesta.
816 1641 967 1714 Quicum
1007 1643 1092 1704 simis
1120 1641 1316 1704 conciliorum
1345 1641 1609 1704 oecumenicorum

369 1748 429 1790 as.
456 1727 568 1788 Ioanne
599 1726 787 1802 Evangelista
816 1725 969 1788 convictus
1007 1745 1263 1806 romanorumque
1278 1727 1462 1788 Pontificum
1485 1724 1611 1786 sanctio·

369 1813 477 1874 luisset
489 1809 639 1886 salsitatis,
653 1811 806 1890 depositus
818 1810 855 1872 ab
871 1808 968 1871 officio
1009 1811 1111 1871 nibus.
1129 1809 1206 1871 Sane
1227 1818 1344 1884 praeter
1362 1809 1464 1871 libros
1480 1808 1545 1868 Arii
1563 1807 1609 1867 da-

370 1904 428 1971 est,
445 1904 536 1974 atque
552 1894 630 1954 inter
648 1894 831 1975 apocryphos
854 1913 908 1955 seu
923 1911 971 1953 re·
1009 1902 1126 1956 muetos
1138 1893 1364 1974 probibitosque
1380 1914 1398 1955 a
1415 1891 1552 1955 concilio
1575 1890 1611 1949 ni-

371 1979 464 2040 iectas
478 1988 508 2040 et
522 1977 678 2039 damnatas
690 1979 854 2059 scripturas
869 1976 972 2038 istius·
1010 1997 1114 2056 caeno,
1135 1977 1239 2038 eadem
1264 1977 1445 2058 proscriptio
1467 1985 1498 2038 et
1516 1973 1613 2055 prohi-

371 2062 452 2124 modl
466 2061 537 2123 libri
558 2061 663 2122 reiecti
680 2071 749 2122 suut
762 2063 823 2141 (b).
849 2059 898 2122 Sic
923 2069 971 2120 et·
1011 2061 1085 2122 bitio
1103 2061 1235 2122 occurrit
1256 2060 1288 2120 in
1309 2045 1439 2122 diucitin
1474 2058 1610 2138 ephesino

372 2147 432 2207 iam
452 2165 519 2206 can.
537 2145 589 2220 52,
609 2145 687 2206 inter
702 2145 882 2225 apostolicos
891 2162 971 2204 nun·
1012 2144 1111 2224 quoad
1143 2144 1237 2206 libros
1255 2143 1383 2205 Nestorii
1398 2145 1462 2224 (8),
1487 2159 1611 2203 necnon

373 2237 509 2309 cupatos,
530 2247 662 2289 saecun
683 2227 791 2304 editos,
823 2227 972 2288 constitu·
1013 2229 1123 2289 librum
1151 2227 1417 2304 Messalianorum,
1451 2226 1613 2290 Accett'cuur

375 2321 438 2373 tum
454 2321 510 2372 est:
525 2313 560 2374 Si
574 2313 641 2388 pulc
658 2311 735 2390 solco
749 2312 908 2390 inscriptos
917 2311 973 2370 im·
1012 2311 1189 2392 inscriptum
1206 2311 1254 2390 (9)
1274 2311 1353 2372 idem
1375 2310 1549 2373 Concilium
1566 2325 1609 2367 re-

371 2397 494 2474 piorem
515 2395 606 2456 libros
629 2402 781 2470 tamquam
797 2402 912 2456 sanctos
940 2393 974 2453 ln
1013 2395 1149 2474 probauit
1170 2403 1260 2473 atque
1282 2393 1449 2474 probibuit,
1484 2393 1541 2453 Per
1565 2409 1609 2450 eo·

376 2479 508 2541 Ecclesia
531 2477 724 2555 publicaverit
756 2475 975 2554 adipernicr'ern
1015 2477 1082 2539 dem
1102 2478 1196 2539 terme
1215 2486 1350 2558 tempora
1380 2495 1405 2537 s.
1433 2476 1498 2538 Leo
1518 2473 1555 2535 ll.
1581 2473 1614 2532 li-

374 2562 492 2641 populi‚
505 2561 607 2622 celero
619 2559 904 2639 deponoterlss).llu
916 2577 976 2638 quo
1016 2559 1087 2622 bros
1106 2561 1351 2622 manichaeorum
1373 2567 1403 2622 et
1421 2555 1614 2642 priscilliani-

378 2643 641 2724 deprebendimus‚
661 2643 810 2704 eiusmodi
821 2643 915 2705 libros
928 2643 977 2703 in·
1017 2651 1130 2705 starum
1145 2643 1332 2726 proscripsit,
1349 2643 1515 2706 lectionem
1534 2643 1616 2702 inter·

379 2727 520 2790 terdictos
539 2727 644 2788 luisse.
664 2727 754 2789 Aliud
773 2727 907 2788 eiusdem
927 2744 980 2807 po·
1018 2727 1102 2803 dixit,
1123 2727 1245 2808 ignique
1260 2727 1411 2789 damnavit
1424 2728 1512 2808 (10).

379 2812 495 2873 testatis
510 2829 583 2872 usus
602 2813 770 2892 euernplum
787 2811 892 2872 eodem
909 2828 979 2872 sae·
1062 2811 1134 2872 584.
1149 2808 1206 2872 Sed
1218 2819 1348 2892 praestat
1362 2810 1411 2872 bic
1425 2811 1559 2873 adiicere
1571 2806 1615 2866 do-

380 2896 448 2956 eulo
474 2895 597 2974 praebet
617 2914 643 2955 s.
663 2893 848 2976 Cyprianus3
868 2895 920 2975 qui
939 2892 980 2954 li·
1019 2901 1193 2955 rumentum
1211 2894 1456 2970 celeberrimum,
1475 2891 1556 2975 quod
1570 2909 1611 2950 ve·

380 2978 493 3039 bellurn
524 2978 744 3040 calumniosum
772 2998 790 3040 a
814 2976 981 3040 novatianis
1020 2978 1076 3038 luti
1095 2978 1376 3058 praeformationem
1390 2979 1613 3058 quamdamno-

382 3061 494 3123 editum
511 3060 653 3121 aduersus
683 3080 709 3122 s.
731 3060 902 3123 Cornelium
931 3079 983 3141 pa·
1022 3060 1069 3122 bis
1091 3061 1210 3122 exhibet
1228 3062 1344 3142 operis,
1363 3062 1444 3142 quod
1464 3069 1568 3144 postea
1583 3055 1614 3118 ab

382 3163 449 3224 pam
468 3143 825 3223 proscripsit‚adiiciens:
841 3145 983 3223 sequore-
1022 3143 1122 3206 indice
1157 3153 1362 3227 nuncupatum
1399 3153 1445 3207 est
1480 3145 1614 3206 librorum
1655 3169 1658 3190 ι

381 3229 419 3288 do
437 3227 509 3286 tolio
523 3229 722 3304 quorumdam
740 3229 924 3290 calumnioso
944 3235 984 3288 te·
1024 3227 1244 3309 prohibitorum
1269 3249 1287 3290 a
1311 3228 1438 3290 concilio
1466 3223 1615 3290 tridentino

383 3309 521 3371 meritote
538 3308 703 3388 conscripto
717 3319 807 3386 sent,
826 3311 885 3391 tept
905 3311 986 3389 opud
1026 3312 1125 3392 primo
1145 3311 1296 3374 invectum
1315 3331 1350 3374 ao
1370 3311 1514 3394 deinceps
1541 3323 1618 3372 art·

417 3458 457 3524 (l)
474 3458 651 3510 Controversia
669 3458 775 3509 escitsls
792 3466 845 3518 est,
870 3468 932 3509 nunt
957 3473 988 3508 ex
1059 3463 1098 3530 (6)
1123 3462 1190 3514 Hier.
1212 3463 1277 3514 ecel.
1295 3463 1343 3514 lib,
1364 3469 1390 3526 t,
1413 3478 1473 3530 cap,
1498 3465 1541 3520 ει,
1563 3453 1617 3506 edit.

383 3525 503 3580 mundato
521 3528 634 3591 Apostoli
647 3527 722 3577 Peull
740 3524 864 3577 eiusmodi
882 3525 996 3577 combu«
1028 3529 1114 3584 Voles.

384 3597 434 3646 stio
458 3595 525 3644 lecte
549 3594 645 3656 luerit,
670 3611 702 3645 su
727 3610 757 3644 ex
774 3604 915 3660 spoutuneo
932 3593 989 3645 illo·
1062 3598 1099 3665 (7)
1119 3597 1189 3647 luter
1201 3605 1298 3648 ceteros
1315 3597 1429 3648 eminent
1446 3586 1618 3648 Gretserusllc

374 3677 444 3713 frum
461 3660 576 3712 fidelium
589 3661 788 3714 motu.’l'irinus
805 3663 831 3712 in
849 3662 902 3714 suis
915 3661 990 3713 Com·
1028 3667 1082 3714 tare
1103 3668 1126 3714 et
1148 3679 1215 3714 more
1235 3665 1379 3727 probibendi
1398 3665 1486 3726 libros,
1509 3673 1567 3714 tom.
1591 3657 1615 3704 lt

386 3730 521 3780 mentoriis
546 3729 573 3779 iu
598 3747 664 3780 secr.
687 3730 848 3796 Scriptorum
873 3729 899 3780 in
917 3731 990 3796 prio·
1028 3731 1129 3782 collect.
1146 3729 1378 3798 eiusdemoperuru
1396 3730 1439 3782 ed.
1462 3728 1618 3782 Rotlsboneu·

388 3814 444 3848 rem
462 3811 565 3847 sensum
584 3797 701 3848 inclinet.
721 3794 828 3859 Verum,
851 3797 899 3848 boc
917 3813 991 3864 pree·
1028 3799 1062 3850 eis
1084 3801 1149 3849 lidi
1163 3825 1190 3837 -
1203 3803 1279 3850 tttt.
1293 3797 1411 3865 Theopb.
1425 3795 1579 3863 ttsyuaudus
1594 3789 1618 3838 itt

387 3863 515 3925 tremisso,
533 3862 658 3915 hebemus
675 3864 701 3915 in
725 3864 774 3914 boc
799 3865 865 3916 lucto
889 3864 991 3931 insigne
1029 3881 1072 3932 op.
1091 3865 1273 3917 Erotemntode
1292 3869 1365 3916 molis
1376 3883 1403 3916 oc
1416 3867 1483 3916 bouis
1496 3866 1616 3934 librinttp·

386 3931 570 3982 documentum
596 3931 628 3980 de
639 3930 767 3982 sentiendi
781 3933 879 3983 ratione
897 3933 991 3983 veteris
1029 3931 1092 3984 edit.
1107 3931 1227 3998 lugdun.
1248 3936 1324 3994 lent,
1344 3942 1403 3984 tom.
1427 3938 1469 3982 ll.
1492 3932 1615 3982 Zuccsrttr

387 3996 517 4051 Ecclesiae
534 3997 603 4048 circs
621 4013 714 4063 prsvos
732 3998 821 4049 libros.
1029 4001 1251 4061 scortopotemteo
1263 4003 1323 4050 delle
1341 3999 1491 4064 proibizr'oni
1506 4001 1544 4048 dsl
1561 3995 1615 4044 libri·

420 4062 586 4128 (br'l'ertull.
600 4063 637 4113 De
648 4065 777 4128 baptismo,
793 4081 852 4132 esp.
873 4069 915 4129 ll,
940 4066 992 4116 col·
1031 4067 1109 4118 Roma
1129 4069 1205 4117 tter.
1226 4066 1325 4127 Scotti,
1357 4066 1468 4118 Teoreml
1487 4063 1516 4116 ot
1530 4062 1615 4131 politico

387 4130 507 4180 lst.cum
525 4128 676 4197 Hieronym.
695 4134 732 4183 Ds
752 4137 813 4184 siris
836 4126 991 4196 illustribus,
1030 4133 1295 4212 crs'stiorpo.'l'eorems
1314 4137 1339 4184 9.
1364 4133 1390 4185 S.
1404 4132 1528 4210 lllpbons.
1543 4129 1573 4208 dc
1584 4125 1618 4236 lt}

388 4212 462 4330 aii)
471 4199 512 4313 iii
523 4259 566 4339 cd..
592 4260 701 4314 llervuei
722 4272 761 4316 est
777 4281 805 4316 n.
817 4268 869 4328 tt3
891 4263 923 4316 de
941 4281 992 4332 quo
1031 4217 1162 4318 iiiiiiiiis
1175 4201 1586 4318 iiiiiiriiirtnrioiiiiiibiliosiritbsimm
1596 4207 1608 4259 'e

389 4329 990 4398 cilleveregruminopcodexcoooosmeccl.
1066 4335 1104 4402 (8)
1135 4338 1193 4386 Act.
1224 4341 1234 4386 l
1250 4371 1259 4398 ‚
1284 4332 1347 4385 edit.
1378 4332 1482 4398 labb,
1507 4343 1564 4384 tom·
1586 4327 1620 4383 5»

387 4401 528 4462 primitivos
547 4396 684 4448 vindicatus
699 4404 722 4450 et
738 4402 887 4461 illustratus,
903 4399 951 4450 lib.
966 4405 993 4463 2,
1032 4401 1083 4453 col.
1099 4405 1156 4452 rtl.

390 4483 450 4532 esp.
463 4469 490 4525 7,
504 4482 529 4514 n:
545 4467 572 4516 t·
1067 4469 1105 4536 (9)
1119 4471 1178 4520 Act.
1191 4471 1217 4528 t,
1236 4465 1299 4518 ibid.
1316 4466 1365 4517 eol.
1379 4471 1439 4518 507.

465 4617 479 4649 θ

390 4533 467 4648 eiulgp
481 4617 507 4649 m
524 4597 629 4650 editoris
642 4609 723 4650 notes.
1034 4600 1165 4654 Elementa
1184 4603 1248 4654 inuis
1265 4618 1356 4654 conon.
1377 4611 1438 4654 torn.
1454 4606 1478 4665 l,
1500 4615 1555 4670 pag.
1566 4593 1619 4646 255*

425 4666 463 4734 (5)
484 4664 539 4718 tib.
551 4669 573 4718 1.
588 4666 648 4720 bist.
666 4667 730 4720 eccl.
749 4671 836 4738 csp.b

482 4532 562 4599 b'pist.
577 4529 620 4582 ed.
633 4531 731 4584 Pumel.
743 4537 787 4585 tr.
805 4498 834 4584 tri
847 4549 923 4602 quem
935 4533 994 4587 vide
1068 4535 1123 4603 llll)
1145 4535 1174 4586 ln
1187 4551 1227 4602 cp.
1242 4535 1272 4585 ud
1287 4534 1440 4586 Tlurribium
1451 4531 1519 4600 apud
1532 4527 1620 4583 ,insorb-
