3700 5659
412 443 471 505 rob
934 455 971 498 uu
989 455 1056 499 mon

407 553 482 613 itu.
502 550 543 612 Ac
559 550 590 609 4ο
608 548 706 626 docet,
725 545 818 609 licere
836 546 964 628 pastori·
1002 546 1171 608 ficationem
1192 545 1222 608 id
1241 547 1394 628 postulare
1413 547 1497 629 quod
1519 549 1606 611 mari-

367 636 424 696 bus
444 633 591 696 eeclesiae
623 633 724 708 togam
758 631 911 714 arripere,
937 630 963 692 si
1004 649 1051 692 me
1069 631 1255 709 contingeret
1274 632 1330 693 sub
1350 650 1507 694 sacrorum
1523 633 1604 694 mini·

365 719 441 780 nulli
459 737 494 780 ex
510 734 600 795 grege
609 715 821 790 remanserint,
834 715 879 776 rel
891 713 963 794 quia
1003 723 1132 792 strorum
1153 714 1265 796 inopia,
1294 724 1346 777 aut
1371 715 1397 776 si
1415 716 1542 778 timendi
1565 719 1608 778 lo-

365 804 440 878 suga.
456 802 532 883 lapsi
551 801 596 862 vei
612 799 683 880 quia
708 807 804 860 morte
822 817 965 860 consum·
1003 815 1055 858 cus
1078 806 1167 873 esset,
1189 817 1227 858 ne
1249 799 1382 879 ipsorum
1412 800 1549 862 defectus
1578 821 1608 861 a·

365 887 426 966 pti,
445 885 525 966 quod
543 883 664 965 quidem
696 901 751 964 per
776 901 809 944 se
845 881 960 962 liquet;
1003 881 1384 943 iiorumcathoiieorumet
1403 883 1606 960 legitimorum

365 989 435 1030 nam
451 969 493 1030 ait
509 969 592 1050 ipse:
617 969 684 1031 Nou
708 967 789 1028 euim
805 966 964 1046 puispuum
1003 973 1156 1044 pastorum
1185 966 1331 1027 electione
1356 967 1493 1048 suppleri
1534 967 1608 1029 haud

363 1061 417 1129 cst,
439 1053 491 1131 pui
508 1053 588 1114 dicut
610 1051 765 1112 ministros
788 1066 909 1112 mouere
927 1067 962 1110 o·
1003 1057 1114 1128 posset,
1136 1057 1188 1110 aut
1218 1067 1255 1110 ne
1275 1049 1403 1110 eeclesia
1436 1053 1610 1113 necessaria

361 1145 491 1214 portcrc,
507 1136 560 1197 ubi
577 1136 639 1197 ium
663 1150 725 1195 uou
743 1132 871 1212 simriut,
892 1132 962 1212 pui-
1003 1131 1177 1194 defensione
1196 1140 1322 1194 careret.
1357 1131 1431 1194 Hinc
1463 1134 1502 1196 da
1522 1153 1549 1197 s.
1572 1133 1609 1196 Α·

363 1221 417 1281 bus
431 1237 540 1282 uecesse
557 1220 598 1280 sit
615 1218 789 1279 miuistrurc
808 1216 869 1297 (t).
1003 1215 1140 1277 thanasio
1159 1217 1298 1297 loquens,
1316 1215 1369 1278 ait:
1386 1217 1545 1292 Quantum
1564 1235 1609 1280 uc-

405 1303 479 1365 440.
494 1301 628 1363 eunoun
645 1300 738 1378 idem,
751 1299 853 1378 licere,
868 1316 961 1380 quum
1002 1301 1163 1361 cessarium
1177 1302 1274 1380 suerit
1287 1301 1435 1378 ecclcsiae,
1452 1311 1610 1380 puuutum-

365 1386 583 1466 persecutionis
607 1385 692 1445 furor
720 1392 824 1444 contra
856 1402 962 1445 eorum
1003 1399 1057 1461 pue
1071 1385 1230 1464 profuerit,
1251 1386 1328 1464 quod
1345 1385 1395 1446 uir
1422 1385 1473 1448 iile
1496 1386 1607 1466 (Atha-

361 1487 506 1550 personas
514 1469 662 1546 dirigitur,
672 1466 754 1548 quod
762 1466 895 1547 Apostoli
904 1467 963 1547 pri·
1003 1465 1120 1546 nasius)
1140 1469 1251 1530 mansit
1271 1469 1305 1529 iu
1329 1485 1430 1544 carue,
1463 1471 1609 1533 cotboiicu

363 1571 424 1630 mo,
445 1553 739 1614 deindesanctornm
758 1550 913 1612 Athanasii
934 1559 963 1614 et
1001 1550 1073 1631 pictus
1092 1553 1184 1628 uouit,
1210 1569 1284 1630 puae
1318 1553 1459 1613 aduersus
1484 1555 1610 1615 uriouos

361 1636 499 1717 Cypriani
509 1637 644 1716 exempto
660 1635 855 1712 demonstrat,
872 1642 962 1715 atque
1004 1635 1167 1698 baereticos
1186 1653 1237 1698 ore
1251 1635 1335 1698 iltius
1348 1643 1375 1698 ct
1391 1653 1495 1698 umore
1516 1639 1614 1718 desere<

358 1720 526 1790 concludit:
550 1720 676 1782 Furium
692 1719 853 1800 erposeroi
868 1719 962 1781 ctri—
1002 1735 1037 1779 so
1052 1725 1092 1779 est
1112 1718 1173 1797 (4).
1593 1713 1602 1774 i

363 1804 415 1877 sti,
435 1804 570 1866 ministri
590 1804 712 1865 uerbict
734 1802 913 1864 sucromcuti
931 1819 963 1864 c·
1045 1800 1305 1874 teutobocus,
1329 1800 1354 1862 si
1386 1821 1551 1864 commune
1579 1803 1612 1864 sit

364 1889 428 1962 ius,
450 1887 689 1966 prrobprueccpit
715 1886 777 1947 siue
806 1886 961 1964 permisit:
1004 1884 1192 1964 periculum,
1213 1903 1249 1947 eo
1281 1885 1362 1967 quod
1393 1888 1610 1966 persecutionis
1670 1945 1675 1967 ,

363 1972 486 2050 supiout
507 1971 629 2032 omuino
648 1971 821 2032 decivitate
839 1970 873 2031 iu
892 1969 965 2032 ciui·
1005 1969 1136 2048 procella
1154 1977 1259 2031 contra
1278 1977 1373 2030 totum
1387 1977 1547 2050 pastorum
1565 1989 1610 2031 or·

364 2063 465 2132 tatem,
486 2056 605 2134 quaudo
623 2071 726 2116 corum
744 2054 890 2133 quispiam
903 2071 965 2133 spe·
1005 2051 1104 2112 dinem
1124 2053 1289 2129 generatim
1313 2054 1426 2114 saevire
1452 2053 1615 2132 intellige-¹
1671 2033 1675 2076 Ἰ

363 2139 479 2200 cialiter
521 2156 540 2200 u
572 2138 807 2217 persecutoribus
844 2138 965 2215 pemeri-
1007 2143 1066 2210 tur,
1091 2137 1253 2198 carendum
1271 2155 1337 2198 esse
1368 2137 1559 2217 unicuique,
1579 2157 1611 2198 ne

364 2229 416 2282 tur
428 2222 489 2303 (b).
513 2222 596 2296 Quod
611 2221 709 2284 tumim
730 2229 807 2282 recte
824 2221 968 2302 iuteibipi-
1007 2219 1160 2298 proprium
1178 2221 1277 2281 locum
1298 2229 1403 2302 sponte
1419 2221 1561 2296 deserat,
1580 2241 1611 2282 ur
1674 2213 1675 2284 i

364 2312 441 2380 tur,
472 2304 575 2365 subdit
593 2322 619 2364 s.
653 2302 774 2381 Ductor,
794 2321 861 2366 cum
877 2305 968 2382 possit
1007 2302 1039 2363 tc
1057 2303 1154 2380 fucere
1182 2307 1324 2366 credetur
1345 2323 1406 2366 unu
1438 2307 1612 2366 consulenti
1668 2289 1676 2383 i

366 2389 485 2467 impleri
527 2388 727 2450 ucccssurium
766 2388 968 2449 ministerium
1008 2387 1528 2463 eotrmtutc,sedtimoremorieudi,
1549 2407 1611 2450 mu·
1672 2385 1676 2463 ,i

365 2489 422 2549 per
433 2471 510 2533 otios
525 2471 631 2549 puibue
645 2488 707 2531 uoto
723 2478 765 2532 cst
782 2471 882 2532 comm
901 2488 970 2532 cuu-
1008 2470 1110 2548 pieque
1126 2471 1265 2552 sepiendi
1280 2473 1355 2534 obsit
1366 2473 1513 2550 coempto,
1525 2490 1611 2550 quum
1675 2473 1680 2544 J

371 2572 406 2616 su
423 2554 574 2635 sepiendi.
597 2555 673 2617 Cum
704 2561 824 2628 eutem,
851 2553 967 2634 inquit,
1010 2553 1129 2615 oiereubi
1147 2556 1244 2633 prosit
1262 2555 1354 2634 officio
1381 2555 1441 2634 (5).
1473 2553 1565 2626 Quod
1590 2557 1612 2616 si
1671 2597 1676 2654 p

366 2639 449 2718 ptcbs
467 2645 583 2715 mouet,
607 2645 635 2700 et
661 2638 796 2699 ministri
822 2638 967 2718 stipium,
1010 2637 1157 2698 ecclesiae
1176 2638 1313 2720 expediat
1336 2639 1456 2720 atiqnos
1476 2657 1612 2700 reserva·
1675 2659 1676 2726 g

367 2722 630 2800 ministeriumque
660 2721 870 2798 subtrabitur,
900 2722 972 2800 puisi
1010 2718 1048 2795 ri,
1074 2720 1273 2782 secedendum
1298 2722 1418 2804 quidem
1441 2741 1509 2784 esse
1525 2723 1570 2784 ait
1580 2723 1612 2783 iis
1672 2717 1680 2783 i

368 2805 437 2884 crit,
458 2805 520 2866 uisi
538 2806 792 2867 mercenariorum
822 2803 875 2866 illu
896 2807 970 2886 fupu
1012 2810 1146 2881 tantum,
1168 2805 1219 2886 qui
1243 2806 1354 2868 fuerint
1380 2805 1417 2867 ab
1446 2805 1533 2884 eliis,
1565 2807 1611 2886 qui

368 2889 681 2968 committentibus
699 2906 761 2950 uou
781 2895 823 2949 est
841 2905 915 2950 cura
937 2889 972 2951 dc
1012 2895 1144 2963 manent,
1166 2889 1260 2968 rogati
1287 2909 1321 2951 ac
1353 2890 1517 2972 prouocati.
1539 2891 1612 2952 Num
1675 2889 1676 2962 ᾗ

373 2974 490 3035 ouibus?
514 2973 614 3035 chict
634 2973 714 3035 cuim
729 2973 827 3052 iupus,
846 2989 908 3033 uuir
923 2973 973 3034 bo·
1011 2977 1038 3031 ct
1056 2971 1169 3050 Dauid,
1203 2989 1240 3035 uc
1260 2990 1291 3034 sc
1318 2975 1510 3037 committeret
1538 2975 1613 3053 pcr'·
1676 3039 1677 3050 ξ

367 3074 428 3134 mo,
445 3057 495 3117 seut
512 3057 656 3133 diabotus,
680 3056 732 3135 pui
750 3057 925 3136 plerumque
938 3057 973 3138 fi·
1011 3054 1086 3116 cum
1100 3057 1297 3135 proeliorum,
1314 3066 1343 3119 ct
1360 3058 1499 3138 fortassis
1516 2993 1613 3120 eutiti-
1676 3075 1677 3128 ς

368 3140 446 3200 detes
463 3146 609 3218 apostotos
624 3155 682 3200 csse
690 3139 853 3219 persuasit,
865 3140 971 3219 quibus
1010 3147 1156 3216 pucrctur
1170 3141 1292 3202 trcccruu
1309 3143 1415 3216 isrobl,
1439 3159 1457 3202 u
1476 3141 1542 3202 suis
1562 3141 1610 3202 boc

368 3222 577 3298 puotidiuuum
601 3223 804 3285 ministerium
822 3223 973 3285 bomiur‘ci
1008 3225 1176 3300 petentibus
1192 3225 1326 3304 sumpsit,
1351 3243 1412 3286 nou
1436 3225 1498 3304 ipsc
1518 3241 1609 3303 proc·
1679 3301 1680 3304 Ἴ

370 3305 503 3384 corporis
517 3304 634 3385 deficit:
653 3313 680 3367 ct
693 3306 804 3385 peribit
831 3305 972 3386 infirmus
1011 3307 1158 3385 sumpsit:
1177 3308 1310 3386 uiiopm'u
1326 3309 1433 3370 muttos
1461 3309 1576 3387 fecisset
1590 3309 1612 3369 i·
1678 3353 1680 3378 2

368 3388 403 3448 iu
427 3396 481 3450 tuo
497 3405 556 3449 uou
574 3389 708 3465 scientio,
728 3390 778 3450 scd
795 3389 973 3468 ipuoruutiu
1012 3389 1165 3452 mitutorcs
1182 3391 1331 3473 ipuocioc,
1355 3409 1421 3454 cum
1440 3392 1611 3454 crederetur
1678 3381 1680 3398 ¹

367 3472 477 3551 frater,
494 3479 712 3552 proptcrpucm
732 3471 873 3536 Gbristus
894 3491 974 3537 mor·
1013 3472 1066 3534 boc
1080 3474 1182 3552 (coisse
1198 3492 1258 3536 uon
1276 3477 1510 3540 consideratione
1531 3476 1612 3537 utiti-

369 3563 441 3618 tuue
459 3563 500 3617 cst
512 3555 573 3636 (3).
1013 3557 1233 3634 tutisutiorum,
1250 3559 1381 3620 scdsuuc
1390 3559 1610 3638 perturbatione
1677 3541 1680 3670 p

410 3639 484 3700 444.
505 3641 537 3700 3ο
555 3639 659 3716 Docet,
676 3657 735 3700 non
752 3639 849 3700 solum
870 3659 970 3721 posse,
1012 3639 1183 3717 formidinis
1199 3641 1259 3722 (6).
1296 3642 1383 3704 Addit
1407 3651 1607 3722 praetereas.
1679 3681 1680 3708 t

368 3721 422 3782 sed
441 3723 531 3784 etiam
551 3723 589 3784 ad
608 3723 638 3784 id
657 3723 764 3799 teneri,
786 3725 974 3805 comproba·
1014 3721 1132 3800 Ductor,
1157 3724 1181 3786 si
1199 3725 1237 3786 ob
1253 3725 1384 3787 caritatis
1404 3727 1550 3787 servorem
1564 3724 1609 3784 ‹ti-
1677 3763 1678 3800 3

368 3804 470 3867 bibitor
489 3805 649 3884 timeatur,
669 3824 707 3867 ne
740 3825 844 3867 eorum
882 3825 974 3869 causa
1014 3807 1155 3886 sceptotio
1176 3808 1608 3888 oriaturdeiis,qnimaneant
1677 3813 1678 3860 ἑ

368 3889 538 3968 persecutio
563 3889 602 3952 sit
627 3890 658 3951 in
681 3906 800 3967 gregem
834 3909 971 3954 evasura.
1014 3895 1043 3949 et
1069 3890 1120 3968 qui
1139 3891 1264 3968 tugiunt,
1296 3911 1381 3969 eam,
1402 3893 1425 3952 si
1448 3893 1609 3954 aliternon

372 3970 477 4051 Neque
493 3972 572 4033 enim
593 3973 729 4052 aequitas
755 3982 785 4034 et
812 3973 975 4038 christiana
1014 3973 1119 4052 possit,
1140 3993 1206 4036 esse
1220 3981 1301 4037 sorte
1318 3976 1476 4036 finiendam
1495 3977 1552 4056 (b).

371 4053 482 4116 caritas
501 4054 573 4115 sinit
590 4065 725 4136 pastores
742 4056 926 4136 permittere,
942 4065 975 4121 ut
1055 4056 1127 4118 443.
1145 4059 1176 4118 5⁰
1195 4057 1299 4135 Docet,
1326 4059 1351 4120 si
1372 4059 1488 4121 hostilis
1520 4059 1609 4138 impe-

371 4136 558 4216 perturbatio
569 4146 650 4200 tanta
662 4138 975 4202 insubditostantum·
1014 4147 1061 4200 tus
1080 4150 1214 4220 pastores
1232 4141 1321 4202 simul
1348 4162 1382 4204 ac
1399 4160 1504 4220 greges
1533 4141 1609 4202 inva-

368 4237 429 4298 que
446 4219 611 4301 periculum
628 4221 749 4302 propria
763 4239 855 4284 causa
867 4242 973 4306 provo·
1013 4222 1074 4300 dat,
1086 4232 1237 4304 pastorum
1252 4225 1363 4286 nemini
1380 4225 1483 4301 licere,
1498 4233 1530 4286 nt
1541 4241 1607 4301 gre-

368 4309 465 4364 cetur.
487 4303 559 4364 item
579 4304 604 4366 si
627 4305 750 4366 credere
771 4315 903 4387 possent,
921 4327 973 4370 ec·
1013 4323 1077 4383 gem
1098 4307 1235 4370 deserat:
1263 4317 1296 4371 ut
1327 4309 1404 4371 enim
1426 4317 1510 4390 turpe
1532 4315 1608 4368 esset

371 4387 484 4457 clasiae
507 4387 664 4452 utilitatem
688 4396 718 4450 et
738 4389 870 4452 fidelium
888 4391 974 4456 aedi·
1015 4409 1118 4452 navem
1147 4390 1286 4454 deserere
1301 4392 1521 4470 gubernatori,
1543 4407 1608 4450 sae-

1048 4507 1084 4572 p)
1103 4505 1133 4557 u.
1150 4511 1191 4560 ro.
1261 4509 1299 4576 (s)
1318 4507 1385 4560 turo.
1455 4509 1492 4578 (o)
1510 4502 1561 4556 roro

403 4568 531 4638 (rpus.
599 4568 726 4640 (2)N.2.
796 4571 834 4640 (ὅ)
853 4570 883 4623 Ν.
899 4576 924 4625 6.
1047 4574 1188 4642 mitti.
