3700 5659
783 531 930 576 cururrv.
1400 523 1441 581 65

228 624 333 701 Addo,
350 623 440 685 etiam
459 621 681 698 rationalistas‚
705 620 836 700 deistas,
882 641 916 683 ex
935 641 995 704 qua
1010 623 1167 703 inferatur,
1179 627 1329 707 quoduam
1340 627 1379 690 sit
1395 629 1490 691 moti·

228 707 424 784 increduloS,
443 705 638 787 panthoides
655 707 760 766 atheos
776 705 839 767 suis
881 725 972 783 turn,
998 727 1050 788 per
1076 709 1156 788 quod
1185 711 1310 772 credens
1330 712 1493 774 inducatur

228 791 336 852 doctis
353 789 599 871 sapientibusque
620 789 754 864 gloriari.
883 789 921 851 ad
941 791 1134 872 credendum,
1158 803 1190 855 ut
1216 794 1259 855 sic
1278 796 1397 874 demum
1417 817 1492 878 pos·

278 875 356 936 252.
380 875 423 935 nd
449 875 480 935 6.
502 874 538 933 ii.
559 873 590 933 Si
609 871 757 934 evidentia
773 891 842 934 cre·
883 873 922 934 sit
941 874 1065 936 reddere
1085 877 1167 937 omui
1184 879 1319 960 poscenti
1344 899 1377 941 se
1394 882 1492 942 ratio·

230 959 401 1020 dibilitatis
424 957 575 1019 sufficeret
594 956 631 1018 ad
660 956 840 1017 eliciendum
884 976 952 1018 uem
977 957 1014 1019 de
1028 977 1084 1034 ea,
1103 962 1228 1041 quaein
1246 960 1310 1042 ipso
1331 973 1395 1039 cst,
1413 983 1465 1046 spe
1479 996 1507 1043 ,-

234 1042 311 1104 fidei
328 1051 445 1115 actum,
466 1042 516 1117 (λς
536 1040 562 1101 si
581 1040 712 1100 sufficiat
734 1039 770 1101 ad
789 1059 841 1101 so·
885 1060 951 1118 seu,
973 1061 1066 1121 quare
1086 1044 1187 1106 credat
1202 1044 1271 1106 fidei
1300 1048 1491 1126 veritatibus,

234 1129 301 1187 lam
334 1124 545 1187 certitudinem
572 1124 767 1185 extrinsecam
791 1143 843 1186 ve·
886 1132 938 1186 aut
955 1143 1024 1186 vera
1043 1145 1120 1204 esse,
1142 1147 1219 1208 quae
1240 1129 1334 1191 credit
1354 1131 1415 1210 (⁶2).

237 1229 293 1271 rae
310 1209 393 1286 fidei,
414 1212 451 1273 N.
475 1208 537 1268 lluo
566 1208 640 1268 baec
670 1207 843 1288 permisceri
930 1207 1003 1269 ast.
1026 1208 1139 1272 Poterit
1168 1212 1259 1289 igitur
1286 1215 1491 1294 respondere,

234 1296 322 1355 inter
334 1313 368 1355 se
386 1312 445 1353 non
462 1291 582 1354 debent.
593 1291 672 1352 Fieri
683 1290 763 1352 enim
780 1299 846 1372 pot·
889 1292 920 1351 l⁰
938 1311 970 1353 se
989 1292 1057 1354 ideo
1088 1293 1221 1372 credere,
1242 1297 1393 1376 veritates,
1419 1297 1492 1378 qui-

236 1388 299 1454 est,
321 1385 355 1438 ut
372 1377 440 1456 quis
459 1377 589 1436 humana
615 1374 844 1436 ratiocinatione
887 1374 945 1436 bus
965 1393 1120 1438 assensum
1141 1379 1276 1474 praebet,
1299 1399 1364 1442 esse
1382 1401 1491 1459 veras,

239 1460 446 1540 humanisque
477 1459 585 1520 mediis
616 1459 674 1519 sibi
692 1467 846 1540 comparet
888 1459 959 1538 quia
985 1459 1075 1537 Deus,
1098 1480 1149 1541 qur
1177 1481 1228 1523 eas
1260 1465 1417 1542 revelavit,
1438 1484 1494 1526 nec

235 1544 393 1605 eiusmodi
410 1542 619 1605 certitudinem
637 1589 645 1618 ‚
666 1561 721 1604 nec
746 1551 845 1603 tamen
887 1542 963 1620 lalli,
980 1562 1034 1604 nec
1046 1543 1150 1606 tallere
1162 1554 1271 1627 potest.
1282 1546 1344 1608 Hoc
1360 1549 1438 1610 euim
1449 1557 1496 1610 est

236 1627 346 1689 credat
377 1627 436 1688 sule
470 1627 569 1688 divina
602 1635 632 1687 et
664 1626 843 1704 theologica.
888 1626 1028 1688 ultimum
1046 1629 1188 1691 motivum
1208 1631 1324 1693 etlidei
1343 1631 1496 1693 ratioior-

241 1713 327 1773 lianc
348 1729 438 1773 nemo
456 1711 567 1771 habere
592 1717 690 1790 potest
711 1710 776 1771 sine
796 1710 845 1790 pio
888 1710 986 1772 malis.
1008 1709 1040 1771 2⁰
1054 1709 1091 1773 Se
1110 1711 1177 1775 ideo
1196 1715 1319 1776 credere
1337 1716 1497 1778 revelatio-

238 1795 431 1856 credulitatis
462 1795 595 1867 affectu,
626 1794 678 1873 qui
709 1794 846 1874 proprius
888 1813 956 1854 uem
977 1793 1105 1856 divinam
1140 1815 1206 1859 esse
1239 1799 1345 1860 iactam
1366 1817 1496 1880 eamque
1546 1843 1549 1848 -

241 1880 361 1952 gratiae
379 1888 435 1940 est.
451 1877 582 1957 ideoque
597 1887 724 1954 negatur
741 1895 848 1956 seque·
889 1877 919 1938 iu
950 1878 1114 1940 christiana
1143 1880 1289 1960 religione
1325 1884 1494 1962 contineri,

240 1965 294 2040 la,
315 1981 396 2042 quae
428 1961 591 2042 supponit,
622 1961 746 2041 perinde
780 1981 846 2022 esse
889 1961 962 2041 quia
984 1961 1014 2022 id
1033 1963 1185 2025 evidenter
1215 1965 1421 2028 demonstrant
1443 1985 1497 2028 ar-

241 2048 403 2126 acquirere
424 2044 632 2106 certitudinem
662 2044 698 2106 de
724 2045 848 2106 veritate
889 2053 1031 2120 gumenta
1060 2046 1290 2125 credibilitatis,
1313 2049 1496 2112 miraculae

242 2131 336 2208 fidei,
357 2139 389 2191 et
416 2130 528 2190 babere
558 2129 644 2189 tidem
663 2176 672 2205 ,
693 2147 770 2209 quae
789 2128 848 2188 duo
890 2127 1006 2190 Christo
1039 2138 1178 2210 patrata,
1210 2133 1385 2213 prophetiae
1415 2134 1496 2196 exitu

242 2215 330 2275 ualde
343 2215 424 2275 inter
437 2232 470 2274 se
487 2213 638 2273 differunt.
656 2212 734 2272 Fieri
750 2222 849 2273 tamen
890 2212 1125 2293 comprobatae,
1146 2213 1332 2278 admirabilis
1350 2218 1497 2294 evangelii

247 2307 366 2376 potest,
387 2306 422 2358 ut
438 2297 507 2357 lidei
525 2297 626 2357 lumen
646 2297 779 2357 conferat
797 2296 852 2357 ali·
891 2297 1078 2376 propagatio,
1097 2308 1154 2359 etc.
1178 2299 1209 2360 3ο
1226 2298 1357 2362 Tandem
1378 2321 1410 2363 se
1429 2302 1497 2362 ideo

244 2401 307 2461 quo
327 2381 419 2443 modo
434 2381 472 2442 ad
490 2379 657 2441 habendam
673 2380 849 2441 evidentiam
893 2380 1027 2458 credere,
1050 2400 1117 2459 eas,
1136 2401 1211 2463 quas
1231 2391 1333 2462 torret,
1356 2386 1497 2446 veritates

245 2467 327 2526 illam
341 2483 397 2548 per
410 2465 532 2525 modum
544 2464 738 2542 congruentis
753 2464 853 2544 dispo·
893 2463 1010 2526 divinae
1036 2467 1226 2527 revelationis
1244 2468 1379 2548 deposito
1399 2469 1499 2530 couti-

245 2549 370 2611 sitionis
389 2569 427 2610 ex·
443 2556 527 2628 parte
554 2547 681 2608 subiecti
697 2593 705 2620 ‚
721 2548 765 2608 vel
785 2557 852 2608 tau·
894 2547 971 2624 neri,
993 2549 1064 2628 quia
1092 2549 1243 2622 infallibili
1263 2553 1408 2614 ecclesiae
1431 2573 1501 2628 ma-

245 2653 337 2712 quam
361 2651 455 2694 unum
474 2651 508 2692 ex
531 2631 661 2700 moliris,
686 2631 767 2711 quod
785 2640 853 2711 pot·
895 2631 1029 2709 gislerio,
1047 2631 1084 2694 de
1104 2653 1164 2714 quo
1184 2643 1300 2696 constat
1322 2655 1375 2718 per
1393 2638 1500 2698 eadem

246 2728 293 2779 est
315 2737 383 2779 eam
401 2715 579 2778 evidentiam
595 2715 710 2792 iuvare,
725 2717 854 2796 comple·
895 2715 1105 2777 credibilitatis
1120 2717 1241 2796 motiva,
1258 2719 1317 2780 sibi
1332 2720 1502 2782 credendae

251 2820 281 2860 re
310 2815 347 2863 ac
384 2801 585 2876 confirmare3
614 2817 674 2879 quo
706 2817 795 2860 sensu
826 2818 852 2860 s.
895 2809 1114 2879 proponuntur.
1137 2799 1218 2870 Quae
1237 2803 1296 2863 duo
1327 2812 1407 2881 sunt,
1429 2804 1502 2865 licet

250 2884 381 2946 ‘lbomas
423 2882 608 2959 allirmavit,
647 2883 747 2944 lumen
786 2883 856 2962 fidei
896 2881 1106 2958 diversimode,
1125 2886 1236 2946 motiva
1250 2886 1385 2966 proxima
1400 2887 1502 2968 quoad

255 2969 349 3045 parcre
369 2969 481 3045 videre,
502 2969 609 3030 obiecto
626 2967 697 3047 fidei
713 2985 771 3030 caco
789 2985 855 3029 cre·
896 2983 952 3026 nos
964 2973 993 3026 et
1011 2966 1218 3046 postdivinam
1237 2970 1449 3032 revelationem
1467 2972 1503 3032 fi·

253 3052 347 3115 dendo
371 3052 434 3133 (l).
897 3049 946 3110 dei
966 3049 1172 3112 fundamenta.

940 3133 1014 3194 255.
1041 3133 1207 3197 Notandum
1235 3145 1334 3200 tannen
1364 3146 1410 3200 est
1436 3138 1502 3220 pri-

898 3235 970 3296 mo,
993 3218 1060 3280 heic
1090 3219 1137 3298 agi
1161 3219 1197 3282 de
1220 3222 1389 3298 cognitione
1410 3232 1502 3284 natu·

898 3301 978 3379 rali,
1005 3321 1082 3383 quae
1105 3303 1220 3367 scilicet
1249 3307 1378 3368 naturali
1407 3307 1503 3368 lumi-

289 3386 367 3447 253.
393 3385 435 3447 lix
456 3386 603 3447 hactenus
625 3382 751 3445 deidei
771 3381 858 3443 obie-
899 3403 937 3446 ne
960 3405 995 3447 ac
1025 3388 1214 3450 naturalibus
1242 3390 1349 3452 mediis
1377 3409 1503 3470 compa-

245 3479 295 3530 cto
316 3469 466 3530 materiali
485 3489 520 3531 ac
538 3468 657 3530 formali
688 3467 859 3529 constitutis
899 3469 961 3530 rari
985 3479 1105 3550 potest,
1135 3472 1305 3535 cuiusmodi
1329 3487 1375 3536 est
1403 3474 1504 3536 diviua

246 3554 375 3616 dilucile
392 3553 472 3615 haud
484 3551 686 3632 eritanalysiu
697 3570 856 3632 exponere,
898 3551 1047 3633 sapientia
1064 3561 1095 3615 et
1112 3557 1269 3635 veracitas,
1290 3575 1346 3618 nec
1364 3576 1425 3618 uon
1439 3575 1505 3618 mo-

436 3199 667 3247 corollarium·

360 3285 399 3338 Dc
416 3287 504 3334 ultima
523 3287 578 3346 fidet
594 3287 752 3333 resolutione.

246 3728 388 3785 pturarum
411 3716 690 3785 interpretationibus,
712 3730 763 3782 quo
787 3715 860 3781 igno·
898 3714 968 3766 cium
987 3715 1167 3769 credibilitatis
1184 3733 1234 3769 non
1261 3727 1365 3770 cattam
1384 3729 1504 3786 certum,

246 3790 333 3837 nantia
355 3785 550 3836 laborentcirca
570 3785 701 3850 religionis
719 3783 860 3834 catholicae
899 3783 967 3834 sicut
984 3799 1101 3836 assensus
1130 3784 1205 3848 iidei,
1228 3785 1337 3855 ideoque
1361 3804 1375 3838 a
1405 3789 1505 3840 lumine

245 3854 392 3917 gericinam
423 3851 584 3903 doctrinam!
615 3852 682 3902 Satis
709 3860 747 3900 cat
770 3867 859 3902 eorum
900 3849 960 3900 lirici
978 3867 1032 3902 esse
1051 3869 1100 3902 non
1120 3861 1211 3920 potest.

246 3921 384 3972 uolumina
401 3921 443 3970 vol
462 3921 553 3970 leviter
575 3935 697 3979 versare,
723 3927 753 3968 ut
775 3921 860 3970 statim
936 3918 974 3985 (2)
994 3918 1026 3970 Ut
1044 3921 1112 3970 clara
1131 3921 1254 3971 babeatur
1272 3921 1342 3972 notio
1355 3921 1419 3985 eius,
1434 3921 1505 3990 quod

245 3997 375 4055 appareat
408 3986 473 4037 boec
510 3988 624 4054 ipsorum
660 3984 754 4052 agendi
784 3987 859 4037 ratio.
900 3985 997 4037 dicitur
1010 3988 1176 4038 resolutivam
1190 3988 1260 4051 fidei,
1282 3989 1363 4056 placet
1378 3990 1402 4040 id
1421 4005 1506 4058 expo·

247 4057 339 4123 Longa
370 4055 530 4121 experientia
559 4053 586 4106 id
612 4069 653 4104 me
676 4053 783 4116 docuit,
801 4070 860 4104 cum
901 4069 962 4105 nere
980 4053 1065 4105 verbis
1081 4055 1142 4122 ipsis
1154 4055 1230 4108 Card.
1256 4055 1288 4107 dc
1311 4055 1392 4124 Lugo,
1411 4059 1457 4124 qui
1477 4059 1505 4110 in

249 4136 289 4174 tot
308 4128 420 4174 istorum
439 4123 570 4173 volumina
588 4122 739 4172 evolverim.
902 4121 1008 4173 resolut.
1027 4126 1054 4172 de
1080 4124 1171 4175 oirlale
1187 4123 1242 4186 fidei
1259 4128 1362 4187 diuinae,
1379 4125 1446 4192 disp.
1467 4131 1504 4190 l,

286 4192 329 4259 (t)
349 4189 424 4253 tue,
448 4207 475 4256 q.
496 4195 522 4251 l,
545 4199 595 4240 art.
615 4194 629 4239 lr
649 4187 720 4248 ad5,
739 4192 861 4238 etartb
901 4198 966 4239 sect.
985 4194 1010 4248 2,
1030 4195 1096 4252 n.7‚
1116 4192 1151 4242 ric
1169 4191 1272 4242 scribit:
1303 4191 1357 4242 «ln
1377 4194 1441 4244 illud
1460 4195 1505 4244 ul-

245 4258 279 4307 ad
302 4264 329 4308 l.
354 4259 395 4308 Ci.
422 4257 519 4308 Suarca
537 4273 580 4323 op.
593 4258 640 4307 cit.
662 4254 773 4322 dispo,
798 4264 862 4305 arct.
902 4258 1115 4308 tiruorcsolvitur
1133 4258 1205 4320 lidcs,
1223 4259 1283 4325 quia
1301 4259 1392 4310 ultimo
1411 4261 1504 4312 resolvi

245 4333 276 4387 o,
304 4324 351 4392 qui
377 4329 512 4386 acero,
532 4325 619 4391 plures
636 4322 864 4389 casquegravissi-
904 4325 969 4376 nibil
995 4334 1032 4375 ost
1061 4325 1130 4376 aliud
1146 4362 1154 4388 ,
1173 4326 1222 4376 uisi
1248 4325 1316 4394 quod
1335 4325 1505 4394 intorroganti

250 4410 309 4444 uras
327 4390 437 4444 adducit
457 4394 586 4455 rationes,
614 4391 709 4458 quibus
733 4388 862 4452 ostendit,
903 4408 953 4442 nou
966 4393 999 4442 sit
1010 4392 1119 4443 ulterius
1130 4391 1359 4462 progrediendum,
1372 4411 1431 4445 cum
1445 4394 1506 4446 red-

248 4460 456 4511 crrdibilitatem
486 4459 559 4511 uullo
590 4459 664 4510 modo
683 4457 783 4508 actibus
802 4457 863 4509 srdei
902 4458 1019 4510 daturei
1037 4459 1203 4511 ultiuraratio
1221 4477 1266 4510 uos
1284 4476 1403 4524 arnonus,
1428 4459 1505 4512 atad

249 4545 328 4595 posse
347 4527 490 4589 accenseri,
516 4535 570 4578 tum
600 4526 660 4592 quia
678 4525 732 4592 ipsa
750 4525 862 4576 revelata
902 4543 979 4593 quam
1010 4527 1079 4577 nulla
1109 4527 1157 4578 alia
1188 4543 1233 4578 noa
1263 4535 1363 4592 movet,
1385 4527 1430 4580 aed
1448 4527 1507 4598 ipsa

248 4612 302 4645 rrou
322 4604 372 4657 cst,
391 4605 447 4646 tum
460 4594 521 4660 quia
534 4609 585 4644 uon
603 4602 642 4644 cst
653 4591 772 4655 obscura,
786 4602 863 4660 prout
902 4601 988 4646 moret
1005 4592 1037 4644 ed
1056 4591 1127 4645 aliud
1145 4593 1312 4646 credendum.

246 4664 372 4731 competit
383 4662 456 4726 fidei,
479 4670 533 4712 tum
556 4659 692 4729 denique,
711 4660 772 4728 quia
792 4659 862 4711 iudi·
