3700 5659
739 568 834 613 cnrrr
851 571 890 614 rr.
1362 555 1396 619 81

184 667 385 740 pracceptum
406 657 640 721 ineluctabiliter
653 668 683 722 et
700 659 801 722 inuiu·
842 663 913 725 talia
931 672 1000 726 sunt
1017 664 1077 728 duo
1099 666 1174 728 haec
1194 651 1354 748 praecipua
1378 683 1446 745 mg·

186 743 473 820 cibiliterignotum
488 752 545 806 cst.
842 748 946 810 steria.
969 749 1057 826 Ergo.

236 827 314 888 328.
341 826 473 908 ldeoquc
495 826 546 888 isti
575 846 680 890 omnes
697 828 728 890 in
748 845 802 890 ea·
883 833 958 894 333.
978 833 1050 896 Gurn
1066 833 1103 896 de
1122 831 1228 895 maiori
1245 849 1298 914 per
1316 851 1349 894 se
1368 851 1445 894 con-

189 907 275 973 dem'
302 910 475 972 conditione
492 921 662 987 versantur,
690 912 802 989 acilii,
842 924 911 994 stet,
942 917 1041 979 statim
1075 918 1118 979 sic
1144 915 1448 978 veritatemminoris

190 995 249 1076 qui
265 1003 337 1056 ante
352 994 463 1058 Christi
477 995 636 1058 adventum
654 996 802 1074 vixerunt,
843 1000 1020 1063 educimus.
1040 1001 1174 1064 tlhristus
1193 1001 1236 1062 lo.
1254 1017 1328 1077 xvir,
1347 1003 1377 1077 3,
1396 1001 1446 1060 in-

191 1097 277 1161 ques
298 1098 387 1141 nemu
406 1079 659 1162 dicetpraecepto
679 1080 805 1162 positivo
845 1085 930 1165 quit:
949 1087 1087 1148 Haereat
1106 1094 1204 1148 aretem
1221 1085 1283 1147 rito
1300 1093 1450 1158 oeternu;

193 1163 363 1226 adstrictos
379 1163 473 1226 luisse
495 1165 533 1226 ad
558 1166 739 1227 credendum
758 1185 807 1227 er·
846 1171 1449 1249 atcognoscentnr,soldntDenmreruar,

196 1248 306 1331 plicite
323 1249 371 1310 bis
386 1249 546 1328 mysteriis.
846 1263 873 1315 ct
891 1271 977 1331 prtem
996 1254 1112 1329 elisisti,
1137 1255 1233 1316 lesem
1267 1253 1451 1323 Christum

242 1334 323 1395 333.
357 1332 484 1394 Domum
517 1333 806 1411 animadvertimus,
847 1337 1256 1418 quibusverbisutrumque
1276 1336 1450 1416 mysterium

196 1437 272 1478 cum
298 1436 354 1478 nos
375 1417 515 1495 dicimus,
536 1418 630 1480 teneri
650 1437 755 1480 omnes
772 1417 810 1480 ad
849 1421 938 1483 simul
956 1422 1129 1502 complexus
1157 1429 1213 1483 est.
1244 1419 1305 1482 lam
1332 1437 1401 1480 uero
1425 1419 1451 1480 si

197 1501 357 1564 credenda
374 1501 511 1583 explicite
533 1501 591 1564 boc
612 1510 745 1584 tempore
763 1502 809 1562 le·
850 1505 909 1566 uita
936 1514 1058 1568 aeterna
1079 1505 1109 1566 in
1125 1506 1182 1566 bac
1203 1503 1375 1581 cognitione
1398 1521 1452 1564 seu

199 1587 248 1664 gis
269 1584 387 1663 gratiae
405 1585 464 1647 duo
486 1585 539 1647 illa
564 1587 724 1666 mysteria,
751 1604 811 1646 non
850 1589 908 1650 lide
934 1589 1093 1665 consistit,
1127 1589 1215 1670 plane
1234 1587 1453 1666 consequitur,

203 1673 234 1731 in
253 1688 350 1731 sensu
370 1668 519 1732 exclusivo
537 1669 568 1731 id
579 1670 733 1747 affirmari,
747 1688 814 1752 per·
852 1673 918 1735 sine
958 1674 1013 1734 hac
1044 1673 1213 1750 cognitione
1251 1691 1285 1732 ac
1322 1670 1379 1732 tute
1407 1669 1455 1730 ti·

203 1755 278 1815 inde
297 1773 332 1814 ac
356 1754 382 1815 si
401 1755 486 1834 plura
513 1755 572 1816 alia
599 1753 755 1816 christiani
777 1753 814 1816 de
853 1766 913 1819 tam
948 1767 1100 1819 aeternam
1133 1756 1236 1818 baberi
1271 1753 1350 1816 baud
1383 1772 1456 1835 pos-

204 1846 371 1919 praecepto
390 1838 527 1918 explicite
548 1837 670 1899 credere
689 1857 748 1900 uon
769 1847 815 1900 te·
854 1860 901 1905 se,
927 1839 976 1902 Sic
1004 1840 1093 1903 llarc.
1121 1859 1184 1916 avr,
1213 1842 1270 1916 lb,
1291 1835 1455 1917 generatim

206 1930 359 1984 deanture
375 1921 448 1982 Nam
467 1924 651 2004 exploratum
671 1931 738 1998 est,
768 1931 816 1984 te·
856 1925 1034 2006 pronunciat
1052 1925 1088 1986 de
1107 1924 1155 1999 lie,
1176 1924 1287 2004 quibus
1307 1921 1480 2003 praedica„

209 2006 278 2068 neri
295 2006 401 2067 fideles
429 2025 559 2086 omnes,
592 2007 697 2068 saltem
718 2005 818 2087 quoad
858 2010 899 2070 tio
913 2009 1058 2088 euangelii
1076 2010 1154 2070 lacta
1168 2016 1230 2069 est:
1253 2007 1311 2082 (itti
1330 2006 1458 2068 credide·

208 2090 427 2167 substantiam,
441 2091 562 2154 credere
574 2091 724 2172 explicite,
741 2108 819 2172 quae
857 2094 898 2156 rit
915 2101 944 2155 et
961 2094 1131 2174 baptizetur
1148 2093 1252 2172 scierit,
1271 2090 1372 2152 solerte
1388 2088 1457 2151 erit.

209 2175 410 2237 continentur
433 2175 464 2236 in
486 2176 622 2256 symbolo
640 2176 817 2256 apostolico,
858 2179 910 2256 ptri
930 2195 998 2240 uero
1015 2176 1259 2251 concrediderit,
1283 2174 1458 2236 condemna-

210 2261 241 2320 in
265 2257 405 2320 oratione
427 2258 589 2335 dominica,
609 2260 640 2320 in
665 2259 817 2336 decalogo,
861 2263 952 2325 ditur.
977 2261 1009 2322 ln
1033 2259 1205 2342 particulari
1224 2267 1324 2320 autem
1348 2257 1385 2318 de
1410 2255 1461 2316 ln-

212 2364 249 2405 ac
274 2352 434 2426 praeterea
465 2343 632 2405 doctrinam
657 2345 766 2406 callere
784 2344 822 2406 de
860 2345 1034 2408 carnatione
1050 2345 1125 2406 baec
1141 2345 1280 2422 leguntur
1291 2341 1334 2403 lo.
1352 2359 1394 2416 111,
1411 2341 1461 2413 11,

215 2427 429 2502 sacramentis,
442 2429 616 2509 praesertim
632 2428 750 2509 quaein
765 2447 821 2490 usu
863 2431 922 2492 15:
945 2430 1026 2494 Sient
1045 2431 1158 2509 Moyses
1176 2427 1317 2490 corollarii
1341 2443 1462 2505 serpen·

217 2512 398 2593 quotidiano
422 2523 509 2590 sunt,
536 2513 656 2593 aliaque
673 2512 749 2574 scitu
768 2531 823 2574 ne·
863 2523 920 2577 tem
936 2515 969 2576 in
987 2515 1110 2589 decerto,
1131 2513 1174 2576 ite
1199 2511 1332 2574 emcltnri
1353 2517 1464 2588 oportet

218 2597 355 2659 cessaria
380 2596 523 2658 aduersus
549 2597 680 2674 vigentes
708 2615 825 2660 errores
863 2599 976 2662 liliam
994 2598 1145 2669 dominia;
1160 2604 1195 2658 ut
1208 2596 1315 2674 omnir,
1338 2594 1388 2672 ptri
1406 2609 1465 2654 rre-

222 2680 466 2761 protestantium,
487 2690 521 2742 nt
536 2681 662 2746 istorum
674 2681 766 2742 vitent
781 2681 826 2742 in·
864 2685 907 2746 dit
919 2683 954 2744 in
972 2683 1080 2762 ipsum,
1096 2697 1156 2742 non
1169 2685 1282 2760 pereat,
1298 2679 1349 2740 aad
1364 2677 1466 2739 tutent

224 2765 327 2826 sidias.
360 2763 429 2826 ldco
459 2784 528 2827 uero
554 2766 771 2842 coarctavimus
789 2765 827 2826 ad
865 2769 958 2829 eitam
988 2774 1160 2838 uetermtm;
1181 2763 1291 2842 quibus
1313 2760 1412 2822 verbis
1432 2778 1468 2818 o·

227 2850 284 2910 duo
304 2849 466 2911 enunciata
485 2850 625 2929 mysteria
644 2850 827 2931 propositio·
866 2849 978 2912 stendit
999 2848 1146 2924 Christus,
1167 2847 1209 2908 ita
1227 2844 1339 2908 absolvi
1367 2842 1468 2904 bomi-

233 2951 294 2993 nem
311 2942 467 3012 nostram,
489 2935 560 3014 quia
583 2935 657 2995 baec
676 2933 827 3014 principa·
869 2953 922 2995 nes
937 2952 955 2994 a
970 2940 1158 3014 pcccatorum
1175 2929 1302 2992 vinculis
1316 2926 1467 3009 persidem

232 3015 271 3076 lia
288 3026 380 3095 sunt,
411 3027 441 3080 et
472 3037 490 3080 a
517 3017 628 3099 quibus
654 3026 755 3080 cetera
773 3017 828 3078 de·
868 3017 936 3080 lesu
954 3015 1063 3078 Christi
1083 3015 1209 3095 eiusque
1232 3010 1468 3092 redemptionis,

229 3100 369 3182 pendent.
869 3098 1283 3184 quemadmodumlsrablitae
1293 3095 1388 3157 sanati
1404 3102 1471 3154 sunt

270 3187 344 3249 330.
365 3185 538 3250 Adiecirnus
555 3195 655 3249 autem
674 3185 705 3248 in
724 3204 832 3268 propo·
870 3206 889 3250 a
908 3192 1080 3266 serpentum
1101 3182 1252 3244 morsibus
1272 3199 1325 3266 per
1342 3195 1471 3259 conspe-

228 3269 347 3332 sitionis
365 3271 591 3334 enunciatione:
612 3271 833 3336 wemeres-
870 3279 952 3334 ctum
965 3267 1112 3350 serpentis
1123 3266 1220 3329 aenei.
1444 3344 1452 3358 ⁸

229 3355 362 3417 cessitate
375 3358 542 3436 praecepti,
560 3374 598 3418 ne
612 3372 833 3437 praeoccupare
915 3355 988 3417 333.
1007 3352 1062 3415 Vix
1076 3365 1330 3434 superuacaneum
1350 3365 1410 3443 non
1426 3363 1472 3440 vr-

229 3438 404 3500 videremur
421 3440 627 3520 quaestionem
644 3440 768 3502 alteram
787 3438 834 3499 in·
873 3437 961 3501 detur
979 3453 1139 3514 congerere
1161 3435 1281 3498 Petrum
1300 3439 1476 3492 testimonia

232 3531 275 3583 ter
294 3523 453 3601 theologos
468 3524 619 3603 agitatam,
641 3543 712 3585 num
733 3522 834 3584 omui·
874 3522 912 3584 ad
932 3523 988 3584 hoc
1006 3521 1103 3602 ipsum
1119 3515 1331 3580 adstruendum
1353 3533 1388 3610 ep
1403 3529 1473 3594 per-

232 3605 288 3667 bus
307 3607 345 3670 de
361 3608 539 3670 necessitate
556 3607 648 3670 medii
665 3607 836 3670 necessaria
876 3615 966 3688 petua
988 3603 1133 3666 ecclesiae
1148 3600 1295 3662 doctrina·
1317 3596 1395 3659 Satis
1411 3613 1478 3690 prp-

231 3689 270 3751 sit
286 3691 325 3753 ad
344 3693 471 3754 salutem
490 3692 564 3754 tides
578 3692 716 3773 explicita
730 3690 835 3752 induo
876 3700 978 3772 pterea
992 3688 1031 3749 sit
1042 3687 1132 3748 verba
1143 3685 1250 3747 allerre
1263 3702 1288 3744 s.
1306 3681 1475 3758 Augustum:

235 3774 309 3836 baec
329 3775 491 3856 mysteria3
518 3777 555 3838 de
584 3796 644 3857 qua
662 3776 752 3858 paulo
770 3782 838 3857 post
877 3775 986 3838 Sinon
1005 3770 1255 3854 protectricem
1273 3774 1409 3861 morrena
1424 3769 1477 3858 eat,

232 3877 370 3936 agemus.
877 3877 948 3939 erpo
966 3857 1062 3922 omnia
1079 3856 1212 3918 demone
1235 3859 1348 3914 natare
1367 3848 1480 3944 partifi-

187 3986 188 3997 1
276 3945 334 4006 331
344 3991 352 4006 .
373 3942 489 4016 Quibus
519 3943 560 4007 ita
591 3943 776 4026 explanatis,
794 3942 838 4005 sic
878 3943 943 4006 cori
960 3939 1151 4004 etredimiod
1168 3938 1217 4000 iro
1233 3935 1478 4008 perticensem,

187 4008 190 4103 l
234 4027 293 4089 iam
306 4037 452 4090 assertam
466 4029 699 4110 propositionem
712 4027 840 4090 adstrui·
880 4028 934 4089 doc
950 4033 992 4087 est
1007 4041 1026 4087 o
1040 4023 1183 4098 vindicta,
1205 4019 1290 4083 nollo
1309 4017 1394 4080 modo
1412 4023 1479 4098 pot-

237 4132 321 4174 inus:
343 4111 398 4176 llla
413 4113 553 4194 mysteria
562 4121 632 4176 sunt
646 4113 684 4176 ab
699 4112 839 4178 omnibus
878 4119 931 4184 est,
950 4109 1010 4171 nisi
1035 4125 1088 4190 per
1113 4108 1201 4189 (idern
1219 4111 1245 4167 et
1263 4108 1485 4196 scaramantico

238 4217 271 4256 cx
296 4206 457 4280 praecepto
487 4194 587 4260 diuino
619 4196 767 4260 credenda
786 4215 839 4258 eu·
878 4193 1037 4274 turpidinis
1056 4189 1169 4255 Cdriati
1178 4187 1245 4269 (1);
1276 4193 1306 4248 et
1333 4185 1405 4248 altln
1435 4182 1483 4242 rd-

240 4282 352 4360 plicite‚
369 4300 499 4362 quorum
515 4281 679 4343 necessitas
693 4279 840 4343 aCbristo
880 4279 978 4360 ipsum
997 4277 1106 4358 passim
1131 4273 1262 4336 inculcat
1280 4270 1341 4350 (3).
1362 4265 1393 4330 S.
1419 4266 1484 4327 du·

238 4374 268 4425 et
294 4365 440 4448 apostolis
457 4365 488 4427 in
506 4365 600 4428 sacris
615 4365 724 4430 litteris
741 4364 840 4426 incul-
879 4361 992 4439 gustiui
1021 4359 1165 4436 vestigiis·
1185 4357 1347 4418 inhaerens
1380 4349 1488 4446 doctor

238 4457 324 4512 catur
337 4450 376 4514 ad
394 4450 523 4512 salutem
537 4448 743 4527 obtinendam3
756 4447 841 4530 atqui
880 4445 1053 4525 angelicust
1080 4445 1149 4507 Post
1168 4443 1327 4504 aduentum
1357 4435 1485 4505 Cltrrstr,

274 4648 440 4714 (illamve
458 4653 646 4713 noi.etprnl.,
664 4652 761 4716 rapi.
881 4663 911 4698 ae
931 4644 1007 4696 otiam
1026 4645 1052 4698 in
1081 4641 1128 4693 lib.
1154 4641 1190 4692 De
1219 4641 1322 4704 corrept.
1350 4639 1372 4690 et
1396 4633 1490 4696 prol„

272 4717 312 4786 (2)
328 4716 387 4770 Lib.
411 4721 449 4772 Dc
462 4721 584 4786 praedest.
605 4722 713 4770 tamur.
730 4732 790 4785 cap.
808 4719 841 4779 ⁷3
883 4730 941 4783 cap.
961 4717 988 4766 l.

1359 4775 1477 4868 04'
