3700 5659
377 476 440 542 280
863 489 900 536 na
918 490 1062 538 camrars

336 589 433 653 maior
451 589 482 650 in
507 589 564 650 boc
589 591 746 668 praecepto
764 582 938 664 exequendo
1022 585 1095 647 sat.
1120 585 1189 648 llari
1215 596 1368 669 praeterea
1393 596 1590 672 praeceptum*⁴

337 674 497 746 difficultas
517 673 547 733 in
566 669 726 731 dilectione
745 667 939 729 inimicorum
980 667 1017 729 de
1033 670 1158 750 proximi
1173 670 1332 734 dilectione
1340 680 1583 755 supernaturale,

337 760 490 832 consistat,
506 755 542 816 de
556 755 611 816 lrac
629 751 809 834 peculiarem
828 759 941 813 statue·
980 751 1055 814 adeo
1073 772 1109 814 ex
1126 755 1221 816 sacris
1237 754 1358 818 Litteris
1369 767 1512 837 apertum
1529 769 1584 837 est,

339 862 408 908 mus
427 860 480 923 pro
503 839 673 900 ositionem.
982 844 1014 896 ut
1033 837 1141 898 mirum
1168 839 1262 900 rideri
1285 839 1417 917 debeat,
1452 843 1588 922 potuisse

380 927 453 990 35¹.
474 860 590 995 duitas
606 917 797 1000 praemissis,
818 917 862 979 sic
881 915 941 977 iam
982 919 1127 998 quosdam
1140 921 1170 981 id
1185 921 1217 981 in
1234 921 1527 986 dubiumrevocare.
1542 927 1588 987 lit·

339 1009 510 1074 accedimus
525 1005 562 1068 ad
574 1003 708 1066 eiusdem
728 1001 943 1083 propositionis
983 1003 1074 1078 enim,
1098 1005 1267 1066 utbabetur
1281 1005 1304 1067 l.
1319 1001 1368 1068 lo.
1387 1026 1430 1084 rv,
1448 1008 1510 1069 il:
1530 1011 1595 1085 itm¹

338 1094 493 1156 raritatem
535 1086 699 1166 generatim
735 1084 941 1147 evincendam.
983 1087 1157 1148 mundatum
1174 1090 1312 1152 babemus
1333 1109 1352 1152 u
1370 1092 1446 1166 Deo,
1465 1101 1521 1167 ut,
1540 1094 1589 1171 ppt

339 1177 493 1258 deprimo
516 1171 611 1235 teneri
629 1188 684 1231 nos
704 1169 741 1231 ad
759 1167 943 1245 diligendum
984 1170 1084 1249 dib'pit
1117 1172 1236 1249 matut,
1269 1175 1376 1253 dilipot
1403 1184 1430 1236 et
1458 1177 1591 1255 fratrent

340 1261 509 1344 proximum
528 1256 605 1318 sicut
621 1272 675 1314 nos
690 1253 771 1334 ipsos
784 1253 841 1313 sub
861 1269 946 1332 prae·
984 1271 1083 1314 suram.
1103 1253 1141 1316 Et
1162 1253 1297 1317 Christus
1316 1257 1380 1336 ipsc
1399 1256 1442 1318 lo.
1465 1276 1516 1334 xv,
1539 1260 1589 1319 li:

341 1353 440 1426 cepto,
457 1342 530 1403 tides
542 1340 606 1420 ipsa
619 1337 716 1414 docet,
733 1335 850 1397 dicente
862 1333 946 1396 Chri·
986 1338 1047 1399 Hoc
1064 1345 1105 1398 est
1118 1349 1307 1416 praeceptam
1322 1358 1442 1416 nucum,
1465 1341 1590 1420 inquit,

342 1440 388 1490 sto
412 1425 514 1487 llattb.
538 1439 610 1497 xxu,
634 1423 685 1482 39:
711 1420 822 1500 llilipes
838 1419 946 1498 proci·
986 1429 1018 1482 nt
1036 1420 1170 1500 dilipotia
1184 1423 1321 1498 insiccata,
1333 1425 1409 1506 ment
1421 1425 1521 1486 dilexi
1531 1443 1590 1486 ros.

342 1529 424 1575 mura
444 1519 530 1571 tuum
553 1507 629 1567 sicut
647 1505 782 1582 teipsum.
803 1501 862 1564 Nec
885 1501 948 1561 ulla
987 1501 1102 1573 Quibus
1119 1505 1217 1566 corbis
1244 1507 1410 1568 anamodo
1437 1508 1484 1568 uti
1502 1527 1592 1568 suum

345 1597 401 1656 bac
421 1607 510 1672 super
529 1607 561 1649 xe
581 1595 716 1648 monetur
734 1585 881 1667 quaestio.
988 1587 1138 1668 peculiare
1161 1599 1351 1670 praeceptum
1374 1590 1523 1667 inculcat,
1543 1591 1594 1652 scd

388 1676 460 1738 552.
476 1675 512 1734 nt
528 1689 576 1733 res
588 1689 646 1732 non
658 1671 699 1732 ita
717 1689 749 1732 se
764 1670 864 1743 babet,
876 1667 947 1728 dum
988 1670 1111 1752 insuper
1124 1671 1227 1733 adiicit
1240 1674 1398 1751 rationem,
1414 1694 1478 1755 qua
1490 1676 1532 1735 sit
1544 1676 1596 1736 ob·

345 1759 520 1841 inquiritur,
542 1765 642 1817 utrum
662 1753 809 1816 eiusmodi
829 1769 951 1834 praece·
989 1754 1178 1834 servandum,
1195 1756 1308 1818 dicens:
1325 1759 1408 1820 Sicut
1423 1754 1599 1833 dilaniaret,

346 1854 428 1926 ptum
449 1843 487 1903 sit
504 1840 602 1901 solum
628 1839 790 1914 naturale,
811 1853 848 1898 au
879 1853 950 1896 nero
990 1857 1068 1917 quae
1090 1847 1171 1900 certe
1203 1859 1263 1900 non
1293 1841 1435 1903 exhibent
1456 1843 1596 1903 naturale

347 1929 436 1991 etiam
458 1923 696 2006 supernaturale.
718 1921 777 1984 Nec
796 1919 875 1983 enim
896 1918 950 1980 de·
991 1930 1105 1982 tantum
1124 1932 1335 2004 praeceptum3
1356 1925 1421 2006 ipsc
1439 1925 1525 1986 enim
1544 1943 1597 1984 nos

348 2012 480 2083 luerunt,
498 2007 550 2088 qui
563 2007 781 2080 contenderint,
799 2015 861 2065 tum
876 2003 953 2063 lleu·
991 2007 1211 2086 supernaturali
1225 2008 1312 2088 plane
1329 2027 1434 2070 amore
1451 2018 1485 2070 et
1499 2009 1531 2068 in
1553 2026 1598 2068 or·

349 2092 508 2157 teronomii
528 2091 617 2152 verba
628 2110 694 2172 cap.
715 2100 822 2151 vitum
842 2085 952 2150 Christi
992 2088 1062 2149 dine
1079 2089 1116 2150 ad
1148 2092 1405 2170 supernaturalem
1429 2091 1602 2166 beatitudi·'=

348 2177 451 2240 llatth.
472 2193 528 2236 xxu
547 2175 583 2236 de
602 2176 665 2236 solo
690 2182 846 2256 praecepto
866 2179 953 2230 uatu-
993 2190 1062 2234 nem
1081 2171 1195 2234 dilexit.
1211 2172 1285 2235 Hinc
1304 2173 1413 2236 Paulus
1427 2173 1519 2236 Rom.
1536 2193 1596 2251 xm,

350 2263 422 2324 ralis
439 2257 607 2320 dilectionis
637 2276 702 2319 esse
736 2251 949 2332 intelligenda,
994 2257 1013 2316 8
1034 2256 1149 2318 scribit:
1171 2257 1231 2331 Qtti
1244 2259 1343 2338 dilipit
1354 2260 1549 2338 proximum,
1564 2260 1600 2319 lc·

352 2363 420 2407 cum
438 2361 603 2421 numquam
615 2350 771 2402 teneamur
784 2338 952 2420 proximum
994 2356 1058 2418 pem
1075 2341 1225 2420 impleuit,
1246 2342 1317 2421 quia
1341 2342 1451 2404 caritas
1472 2341 1600 2422 proximi

352 2428 476 2502 diligere
492 2424 711 2504 supernaturali
722 2421 881 2483 dilectione
891 2421 952 2499 (t).
996 2422 1117 2484 involvit
1134 2424 1289 2486 caritatem
1309 2423 1373 2500 llei,
1389 2435 1480 2506 prout
1495 2425 1599 2502 etiam,

353 2510 413 2573 Nos
431 2526 501 2569 vero
520 2507 600 2566 iuxta
630 2505 794 2588 praemissa
813 2504 850 2565 de
869 2512 956 2564 utro·
997 2515 1161 2569 utconstat
1176 2508 1323 2569 exaltatis
1342 2509 1453 2581 verbis,
1473 2507 1601 2570 loannes

356 2612 415 2675 que
431 2609 534 2654 amore
547 2599 608 2650 tum
622 2589 762 2666 naturali,
779 2599 840 2650 tum
854 2605 959 2668 super·
997 2588 1028 2649 id
1050 2590 1147 2670 ipsum
1167 2591 1299 2654 declarat
1316 2599 1347 2654 et
1361 2591 1507 2654 inculcat.
1528 2591 1603 2652 llinc

356 2675 487 2740 naturali
506 2693 540 2735 ex
556 2673 708 2734 communi
727 2671 881 2735 sententia
893 2669 959 2731 dari
998 2691 1024 2733 s.
1045 2674 1229 2749 Augustinus
1243 2675 1391 2752 observat,
1411 2675 1507 2756 quod,
1534 2676 1603 2737 licet

357 2767 548 2844 praeceptum
567 2804 575 2836 ,
596 2757 655 2820 iam
674 2757 830 2822 adstruere
857 2772 960 2834 aggre·
999 2758 1201 2820 necessarium
1220 2759 1259 2820 sit
1279 2759 1339 2821 duo
1361 2759 1498 2821 caritatis
1513 2778 1603 2840 prae-

359 2846 487 2908 diamur.
1000 2849 1085 2921 cepta
1107 2861 1250 2918 serrare,
1275 2842 1327 2904 [lei
1345 2841 1462 2904 scilicet
1481 2851 1513 2904 et
1532 2861 1603 2924 pro·

401 2929 473 2990 353.
495 2924 536 2986 nc
568 2924 665 3006 primo
684 2924 748 2988 dari
769 2929 960 3005 praeceptum
1001 2924 1084 3002 ximi,
1105 2932 1204 2987 umen
1228 2945 1317 3008 saepe
1335 2925 1366 2986 in
1391 2923 1550 3007 Scriptura
1568 2947 1603 2988 u-

360 3012 495 3074 naturale
521 3007 689 3070 dilectionis
714 3007 868 3090 proximi,
896 3005 963 3086 ipsa
1001 3026 1072 3068 num
1101 3009 1171 3089 poni
1194 3017 1228 3072 ut
1255 3009 1431 3087 sulliciens,
1450 3010 1526 3090 quia
1545 3029 1603 3072 uon

360 3095 505 3157 naturalis
520 3092 596 3154 ratio
614 3092 730 3170 suadet,
744 3111 822 3172 quae
839 3090 963 3168 insuper
992 3102 997 3136 2
1022 3099 1099 3152 otest
1116 3093 1241 3154 alterum
1265 3092 1302 3154 ab
1329 3094 1423 3154 altero
1454 3094 1603 3174 separari.
1683 3090 1684 3151 ἶ

362 3177 525 3260 putelacit,
555 3175 628 3236 nibil
647 3193 713 3236 esse
737 3175 831 3251 magis
853 3174 910 3233 boc
928 3189 963 3231 a·
1002 3110 1051 3236 gie
1069 3175 1149 3236 enim
1168 3176 1273 3238 scribit
1291 3176 1345 3237 lib.
1367 3175 1473 3239 vac
1495 3178 1602 3240 Trinit.

363 3254 964 3334 morenecessariumadgenerisbomani
1003 3277 1068 3340 cap.
1090 3277 1147 3320 vu:
1169 3261 1246 3324 Com
1270 3261 1329 3322 duo
1340 3271 1500 3341 praecepto
1522 3262 1604 3337 sint,

362 3341 638 3418 conservationem,
656 3340 691 3402 ad
708 3359 811 3422 pacem
826 3348 856 3400 et
873 3337 964 3400 iusti·
1003 3344 1037 3404 in
1055 3344 1161 3421 quibas
1178 3352 1238 3406 toto
1252 3345 1301 3407 lca
1316 3345 1421 3423 pendat
1439 3353 1466 3406 et
1479 3346 1608 3424 propia

363 3427 434 3490 tiam
447 3425 613 3487 tutandam.
626 3423 767 3506 Alioquin
777 3423 964 3503 rixnnquam
1005 3435 1061 3503 tna,
1079 3427 1195 3490 dilectio
1208 3428 1263 3491 Dei
1276 3436 1304 3490 ct
1321 3427 1436 3490 ditectio
1451 3429 1609 3508 proximi,⁸

364 3519 468 3574 contra
479 3509 647 3591 proximum
663 3525 868 3590 peccaremus,
882 3506 965 3567 nullo
984 3511 987 3540 ¹
1004 3527 1066 3571 non
1083 3511 1233 3574 immerito
1251 3513 1424 3590 plerumque
1449 3512 1609 3591 Scriptura

364 3593 580 3656 interveniente
606 3599 764 3674 praecepto
780 3613 789 3669 ς
818 3589 898 3671 quod
922 3600 969 3650 cst
1002 3610 1060 3672 pro
1078 3603 1206 3672 atroque
1225 3613 1322 3656 unum
1337 3595 1439 3672 ponit:
1459 3595 1522 3658 aior
1538 3604 1609 3656 ton-

366 3677 542 3741 absurdum.
563 3675 694 3738 ltisivix
713 3693 845 3757 unquam
864 3683 968 3734 contra
1006 3687 1071 3739 tum
1101 3678 1208 3739 Dei...
1239 3679 1300 3740 siue
1330 3687 1447 3741 tontum
1472 3677 1611 3757 proximi

366 3761 535 3844 proximum
555 3777 759 3841 peccaremus,
780 3759 863 3822 nullo
878 3757 969 3819 inter·
1002 3761 1191 3824 ditectionem
1230 3761 1390 3840 Scriptura
1432 3779 1611 3824 commerue-

366 3845 504 3908 veniente
515 3843 811 3926 praecepto,scilicet
821 3840 967 3917 caritatis,
1007 3853 1056 3906 rot
1061 3890 1124 3905 .....
1159 3847 1198 3909 Is't
1230 3846 1321 3924 ploro
1352 3845 1414 3907 alin
1445 3846 1614 3923 reperimus

367 3927 459 4008 quia,
487 3926 544 3990 etsi
559 3927 661 3990 omnia
681 3935 802 4009 peccata
817 3926 848 3988 in
866 3943 969 4008 proxr·
1008 3947 1043 3990 aa
1057 3929 1182 3993 bitteris
1210 3930 1342 4005 sanctis,
1367 3929 1400 3990 in
1426 3930 1533 4007 quibus
1549 3929 1614 3990 solu

368 4029 451 4072 mum
485 4010 546 4071 sint
570 4010 720 4074 contraria
751 4010 889 4088 caritati,
910 4027 970 4071 nou
1008 4013 1124 4076 ditectio
1160 4013 1293 4093 proximi
1329 4013 1369 4074 od
1399 4013 1614 4092 perfectiones

368 4093 517 4173 sequitur,
537 4109 603 4154 esse
615 4102 730 4156 tantum
747 4103 880 4177 peccata,
899 4092 971 4174 quia
1006 4097 1296 4178 praecipiebatur,
1314 4103 1342 4158 ct
1360 4096 1452 4158 taceri
1468 4097 1507 4156 dr
1536 4095 1612 4158 dile-

370 4174 486 4242 caritati
504 4183 576 4236 sunt
593 4177 754 4240 contraria.
771 4177 875 4240 Nonne
890 4177 969 4239 euim
1010 4182 1105 4243 ctione
1121 4181 1188 4257 liei,
1207 4197 1275 4242 cam
1290 4180 1323 4242 in
1350 4187 1475 4258 utroque
1489 4196 1613 4260 proem-

369 4267 474 4321 contra
491 4255 635 4320 iustitiam
648 4270 833 4339 peccaretur,
852 4261 970 4323 etiamsi
1009 4274 1059 4344 pto
1081 4263 1129 4326 lea
1144 4265 1269 4344 pendent
1288 4271 1314 4326 et
1328 4261 1498 4344 propbetas.
1519 4262 1616 4326 Sedet

369 4341 505 4406 caritatis
516 4339 631 4402 nullum
648 4349 727 4404 esset
741 4343 952 4426 praeceptum‘.l
989 4345 993 4379 ¹
1011 4349 1065 4411 ltoc
1078 4348 1143 4410 ideo
1156 4347 1227 4426 quin
1240 4356 1278 4423 et,
1288 4347 1341 4425 qui
1353 4346 1531 4426 proximum
1544 4346 1615 4410 diti·

384 4459 386 4462 ·
1010 4433 1068 4512 pit,
1083 4448 1257 4510 consopiens
1272 4437 1326 4507 cst,
1339 4438 1371 4492 ot
1381 4437 1409 4492 et
1418 4429 1516 4508 ipsam
1525 4447 1616 4508 pruc-

406 4535 443 4605 (t)
467 4537 506 4590 lta
523 4537 705 4606 cucumin
722 4557 788 4611 sacr.
811 4541 905 4614 Script.
925 4559 971 4597 ex·
1011 4515 1097 4594 “W
1116 4514 1300 4609 ‘iiiiiii‘lm
1317 4513 1434 4609 dailai·
1456 4513 1539 4607 Dim,
1554 4530 1613 4574 Μ·

371 4605 447 4674 pont.
743 4621 756 4642 ··
1013 4608 1071 4663 tem
1099 4598 1215 4663 dilectio
1242 4604 1297 4664 cst.
1317 4595 1430 4662 ltxmda
1452 4608 1613 4680 sequano,
