3700 5659
509 651 525 678 ’
578 729 722 849 rins
770 727 1036 855 securos

466 1049 1147 1246 DEsPE

693 1477 918 1506 .··-·-·-.a

243 2024 305 2088 tsi
317 2045 350 2089 ex
361 2029 499 2109 apostolo
511 2028 603 2092 llebr.
613 2029 737 2108 r1,srdes
746 2041 792 2094 est
818 2020 822 2034 ’
1052 2038 1177 2100 curor
1196 2037 1225 2099 1.

212 2109 400 2189 sperandarum
419 2112 588 2176 substantia
601 2134 790 2197 rerum,pro·
921 2165 961 2210 m,
979 2163 1071 2211 vm
1084 2167 1149 2212 ,m
1167 2165 1353 2221 ,mmm
1447 2143 1459 2198 'ss

214 2212 267 2254 num
276 2203 315 2256 est
325 2195 445 2274 inferre,
457 2217 540 2279 spem
549 2217 608 2259 non
622 2199 710 2261 modo
724 2199 793 2261 ndei
1009 2205 1133 2304 mum
1147 2249 1267 2298 mm
1448 2209 1459 2247 5·

214 2277 292 2356 inniti,
307 2298 406 2341 verum
422 2281 514 2344 etiam
528 2281 565 2343 ab
584 2283 650 2364 ipsa
664 2284 795 2365 proline-

216 2374 248 2436 re,
262 2369 307 2424 seu
322 2363 411 2444 gigni,
430 2384 498 2427 cum
517 2385 614 2446 eaque
626 2367 794 2430 arctissimo
878 2366 910 2429 3.
923 2364 1082 2448 Multiplici
1098 2386 1190 2430 seusu
1207 2367 1240 2431 in
1255 2367 1350 2432 sacris
1363 2367 1443 2431 litte·

217 2463 275 2505 nem
284 2447 431 2528 coniungi.
443 2447 530 2521 Quod
540 2469 609 2512 vero
617 2451 705 2513 fidem
717 2451 796 2513 inter
836 2451 879 2514 ris
897 2451 964 2534 spei
979 2470 1091 2514 nomen
1112 2451 1272 2535 accipitur:
1291 2452 1444 2516 interdum

217 2547 326 2612 sospem
345 2533 513 2596 intercedat
527 2533 701 2614 discrimen,
725 2554 796 2617 per·
837 2535 918 2598 euim
942 2535 1075 2598 sumitur
1099 2555 1153 2618 pro
1171 2556 1206 2600 re
1222 2545 1361 2619 sperata,
1382 2555 1444 2617 quo

218 2611 279 2676 belle
298 2617 422 2698 explicat
441 2637 469 2680 s.
490 2617 696 2696 Augustinus,
720 2618 796 2681 scri·
838 2639 930 2682 sensu
948 2619 1055 2682 scribit
1071 2621 1251 2701 apostolus:
1270 2623 1445 2702 Expecten-

219 2694 285 2760 bens:
299 2703 352 2764 Est
365 2703 438 2784 fides
457 2711 483 2765 et
499 2704 644 2766 bonorum
658 2722 760 2766 reram
771 2710 800 2768 et
841 2713 883 2768 tes
899 2706 1015 2767 mmor:
1030 2721 1111 2784 spem
1129 2704 1192 2784 (3),
1217 2704 1367 2768 interdum
1391 2722 1445 2786 pro

219 2784 344 2847 :nolarum
363 2833 371 2863 ,
389 2787 625 2867 proeteritorum
650 2805 684 2851 oo
707 2804 799 2867 proe—
839 2787 1004 2850 causasire
1025 2786 1181 2867 primaria,
1194 2786 1456 2850 sireseoundaria·

219 2869 327 2931 sortium
343 2878 369 2934 et
383 2871 577 2951 futurorum,
592 2880 620 2934 et
637 2889 762 2934 saorrrm
773 2877 799 2933 et
839 2871 889 2934 cui
904 2889 974 2952 spes
981 2869 1133 2949 innititur,
1146 2870 1229 2934 iuxta
1236 2870 1312 2933 illud
1320 2870 1447 2952 psalmi-

221 2950 380 3017 alienorum:
395 2973 462 3034 spes
481 2963 578 3018 notem
596 2973 657 3018 noa
671 2956 732 3018 nisi
748 2957 798 3018 bo·
840 2963 904 3018 stae
921 2955 1017 3018 Deum
1035 2954 1229 3035 alloquentis:
1252 2955 1332 3031 Qcio
1348 2955 1447 3035 foetus

221 3051 310 3098 aarum
329 3057 433 3103 rerum
452 3046 508 3117 est,
528 3056 581 3102 nec
601 3040 664 3104 ciri
680 3040 803 3120 futoro-
841 3057 871 3102 es
891 3056 956 3120 spes
972 3056 1049 3116 oreo,
1070 3039 1167 3102 torris
1181 3039 1372 3120 fortitudinis
1384 3037 1446 3120 (l),

222 3135 294 3198 rura,
316 3133 341 3186 et
358 3126 397 3187 ed
414 3141 484 3186 eom
498 3123 732 3203 pertinentiam,
752 3122 803 3202 qui
842 3123 915 3186 item
934 3140 989 3205 pro
1010 3121 1075 3204 spei
1098 3121 1225 3200 babitu,
1245 3142 1282 3185 ex
1310 3122 1449 3205 apostolo

224 3218 308 3268 rorum
328 3225 406 3286 spem
424 3224 530 3290 perere
548 3207 722 3288 perhibetur
740 3205 801 3288 (t).
843 3207 1017 3270 scribente:
1041 3207 1132 3271 Nunc
1150 3216 1252 3272 notem
1269 3215 1394 3271 moneat
1409 3208 1451 3288 pi-

224 3281 318 3351 S.rero
336 3290 559 3354 Bernardussio
570 3291 658 3354 tidem
674 3310 709 3354 ac
720 3309 804 3373 spem
845 3293 917 3370 der,
943 3308 1031 3372 spes,
1050 3291 1187 3370 coritas,
1211 3293 1274 3355 trio
1299 3292 1370 3355 boec
1386 3291 1461 3378 (5);5

224 3367 359 3450 loquentes
376 3375 512 3438 inducit:
530 3377 612 3439 llicit
629 3377 723 3458 fides:
743 3377 805 3440 Pc-
846 3376 968 3439 demum
987 3392 1042 3457 pro
1061 3382 1130 3437 actu
1158 3374 1317 3457 sperandi,
1341 3373 1386 3438 uti
1403 3374 1462 3456 la-,·¹

225 3463 279 3518 roto
292 3468 361 3522 caat
377 3477 491 3542 oropus
508 3468 536 3524 et
560 3460 807 3542 inexcogitabilia
846 3461 927 3540 gitur
954 3457 1036 3540 apud
1060 3457 1136 3521 lob:
1155 3460 1293 3540 Reposito
1317 3467 1360 3523 est
1381 3459 1452 3522 liceo

226 3537 285 3602 loon
298 3560 314 3604 o
325 3545 383 3607 lieo
396 3543 535 3626 fidelibus
549 3545 626 3620 suia·
643 3545 715 3608 dicit
730 3561 805 3626 spes:
846 3562 911 3626 spes
929 3559 996 3605 meo
1013 3543 1048 3604 io
1066 3542 1138 3604 sirac
1156 3561 1219 3605 meo
1237 3542 1298 3623 (6).

226 3621 289 3685 llibi
305 3627 356 3689 illc
373 3635 534 3692 secantur
552 3629 613 3709 (Ξ).
890 3628 924 3689 l.
946 3625 981 3688 lu
1002 3624 1120 3687 duabus
1138 3625 1298 3706 postremis
1323 3622 1372 3686 bis
1397 3641 1463 3685 ac-·

258 3707 284 3768 b.
300 3707 378 3781 Quae
392 3712 430 3775 de
453 3731 505 3795 spe
520 3732 538 3774 a
555 3711 643 3776 nobis
662 3711 811 3774 disseren·
849 3707 1062 3793 ceptiouibus,
1093 3707 1130 3770 de
1148 3708 1260 3790 quibus
1277 3727 1333 3770 nos
1363 3724 1454 3784 agero

227 3786 256 3849 da
282 3803 370 3874 suut,
401 3805 560 3859 versantur
577 3798 657 3859 circa
675 3795 810 3858 eiusdem
849 3792 1058 3871 instituimus,
1077 3811 1146 3874 spes
1163 3800 1261 3875 potest
1277 3800 1341 3853 tum
1358 3809 1454 3867 geue·

228 3882 346 3940 naturam
366 3899 401 3942 ac
414 3879 655 3960 tundamentum,
676 3898 731 3942 nec
751 3897 811 3942 non
853 3880 915 3943 rice
934 3876 1026 3953 sumi,
1045 3885 1109 3939 turn
1124 3896 1226 3958 presso
1241 3894 1343 3938 sensu.
1360 3873 1455 3935 Prout

229 3955 293 4020 circa
309 3961 402 4044 ipsius
419 3964 570 4028 obiectum
589 3975 653 4028 tum
668 3963 811 4027 materia·
851 3962 990 4044 generice
998 3960 1144 4042 accipitur
1151 3959 1300 4024 nonaliud
1308 3966 1354 4021 est
1362 3976 1454 4054 quam

230 4037 324 4115 latum
336 4048 473 4127 formale,
488 4049 614 4130 eiusque
629 4048 810 4126 subiectum,
852 4046 999 4111 naturalis
1011 4044 1104 4107 animi
1115 4045 1233 4108 allectio
1245 4062 1280 4107 ac
1298 4049 1453 4126 appetitio,

230 4123 295 4189 circa
316 4131 380 4194 eius
398 4132 618 4215 proprietates,
643 4133 765 4195 effectus
780 4150 814 4193 ao
855 4141 917 4196 eta
936 4149 963 4192 s.
983 4129 1098 4192 Tboma
1117 4128 1268 4191 delinitur:
1285 4127 1383 4192 Motus
1400 4143 1455 4206 op-

230 4206 297 4289 ritia,
312 4233 388 4295 quae
399 4216 496 4280 eidem
517 4225 718 4300 opponuntur.
731 4214 814 4286 Quae
851 4215 992 4298 petitione
1021 4213 1161 4290 metetis,
1196 4228 1373 4290 conmanere
1401 4227 1456 4304 op-

231 4292 336 4368 quidem
350 4299 382 4362 in
399 4300 522 4364 totidem
540 4301 638 4384 capita
655 4299 815 4384 dispertie-
851 4299 1082 4384 protensionem
1104 4297 1173 4360 boni
1200 4296 1323 4375 sutori,
1343 4293 1455 4387 ordor,

232 4391 298 4440 mur·
852 4383 1002 4468 possibilis
1028 4381 1152 4462 adipisci
1174 4380 1236 4463 (l),
1259 4377 1347 4442 cuius
1370 4375 1458 4437 obre-

951 4582 996 4635 lob
1011 4579 1084 4643 xlx,
1101 4584 1143 4632 nt.

271 4579 294 4642 ll
305 4585 383 4636 serm.
397 4592 428 4640 to
446 4588 472 4638 in
491 4587 555 4656 psal.
569 4584 618 4655 Qui
629 4587 736 4652 lectitat,
748 4601 777 4638 n.
792 4590 817 4640 t.
907 4589 921 4637 6
1368 4626 1371 4632 .

948 4655 970 4718 1,
988 4655 1014 4714 t,
1029 4667 1056 4720 q.
1068 4652 1112 4714 to,
1123 4653 1173 4697 art.
1185 4649 1212 4699 9.
1330 4710 1332 4716 ,

261 4647 512 4720 (strennuus.
908 4657 920 4704 r

271 4512 293 4578 r)
305 4513 408 4571 Erchia
425 4535 483 4588 cap.
496 4523 523 4572 s.
906 4517 934 4722 op
946 4511 1015 4568 esst.
1029 4517 1072 4578 oo,
1083 4517 1110 4565 a.
1162 4512 1202 4580 (s)
1213 4511 1236 4564 ι.
1254 4511 1319 4573 cor,
1330 4502 1402 4575 xrtr,
1416 4507 1471 4556 aa..
