3700 5659
773 510 868 554 CAPUT
883 510 922 554 Ν.
1392 500 1431 560 5¹1

263 601 828 684 217.Adprobationemautemquod
868 602 1008 681 eeclesia,
1027 622 1105 684 quae
1136 603 1289 670 aChristo
1325 607 1473 686 originem

218 689 346 765 attinet,
365 705 421 748 nos
436 687 515 748 ultro
535 687 741 763 admittimus,
767 685 828 748 imo
870 685 971 764 babet,
993 706 1060 750 sese
1081 689 1192 752 mundo
1205 691 1314 754 obtulit
1330 701 1472 774 tauquam

218 770 450 846 contendimus,
471 769 552 832 baud
570 790 659 851 posse
670 769 828 834 ecclesiam
869 769 1012 832 divinitus
1033 772 1155 834 missam
1171 774 1209 836 ad
1229 775 1385 838 bominum
1420 797 1473 840 sa-

221 854 434 937 propositioue
451 872 507 916 sua
523 854 606 915 illam
623 855 728 936 par'ere
742 855 831 916 certi·
870 854 962 916 lutem
983 855 1204 935 praedicatione
1231 877 1286 920 sua
1305 879 1473 940 procuran-

223 941 378 1016 tudinem,
392 956 469 1018 quae
489 937 527 998 ad
544 937 633 999 fidem
651 937 827 1018 requiritur,
870 937 950 999 dam.
973 936 1009 999 Ut
1040 939 1129 1000 finem
1159 941 1320 1012 obtineret,
1341 943 1472 1025 seipsam

222 1024 284 1085 nisi
304 1024 391 1105 prius
409 1020 544 1083 eiusdem
575 1021 743 1099 existentia,
764 1022 830 1084 uni·
870 1022 1085 1084 miraculorum
1105 1023 1183 1084 douo
1203 1025 1378 1088 instructam
1400 1047 1474 1108 pro·

222 1119 284 1185 tas,
306 1104 552 1168 infallibilitasac
568 1105 749 1186 perpetuitas
761 1125 831 1187 sup·
870 1104 955 1183 didit,
970 1115 999 1168 et
1015 1105 1263 1188 praedictionum,
1279 1122 1472 1190 quaeeventu

222 1199 380 1272 ponantur
408 1196 460 1250 aut
485 1199 688 1263 assumantur,
708 1208 742 1250 ae
775 1209 830 1251 nos
870 1189 1116 1270 comprobantur,
1148 1191 1330 1256 edendarum
1351 1195 1474 1275 praedi-

222 1294 334 1338 reuera
352 1282 383 1336 et
400 1272 584 1335 assumimus
600 1281 630 1335 et
645 1272 831 1336 demonstra·
871 1280 930 1334 tam
951 1273 1104 1350 lacultate,
1137 1293 1192 1337 nec
1222 1296 1281 1338 non
1315 1279 1472 1348 sanctitate

221 1379 307 1421 mus,
870 1355 1034 1434 doctrinae,
1066 1357 1195 1440 aliisque
1224 1362 1473 1440 praeclarissimis

268 1443 345 1504 218.
362 1441 408 1502 Ad
426 1440 458 1502 2.
477 1439 627 1520 Negamus
642 1439 748 1502 falsam
774 1440 829 1502 ad·
870 1439 957 1502 donis
975 1439 1121 1502 munitam
1150 1462 1183 1504 se
1216 1445 1362 1506 exhibuit.
1384 1445 1473 1509 Hisce

221 1526 430 1611 versariorum
462 1524 722 1606 suppositionem,
757 1524 827 1586 dum
871 1524 952 1586 brevi
971 1525 1120 1606 perculsa,
1141 1525 1222 1588 illico
1242 1529 1402 1592 multitudo
1422 1529 1473 1590 in-

221 1619 398 1687 autumant,
418 1628 473 1671 nos
492 1609 649 1670 ostendere
668 1608 826 1687 recensita,
868 1625 942 1684 gens
960 1627 1048 1670 aures
1066 1607 1094 1670 ei
1109 1610 1259 1690 praebuit,
1280 1620 1310 1674 et
1334 1622 1473 1694 cooptata

221 1691 830 1774 scilicetSoripturaedivinitatemcete·
870 1700 915 1754 est
933 1693 964 1752 in
987 1691 1121 1754 eiusdem
1150 1693 1262 1774 sinum,
1297 1695 1402 1760 edocta
1435 1698 1472 1760 de

221 1798 325 1860 raque
343 1777 456 1856 omnia,
488 1775 586 1838 sivea
614 1776 706 1857 priori
731 1776 830 1838 sivea
870 1776 1022 1854 omnibus,
1044 1796 1120 1857 quae
1140 1778 1218 1840 scitu
1237 1781 1406 1842 necessaria
1437 1801 1472 1844 e-

221 1861 389 1944 posteriori
402 1881 456 1943 per
474 1870 649 1937 argumenta
667 1860 830 1922 intrinseca
870 1870 947 1937 rant,
970 1871 999 1922 et
1012 1862 1142 1940 primum
1163 1862 1199 1923 de
1218 1864 1362 1926 ecclesiae
1377 1865 1472 1946 ipsius

221 1957 280 2008 aut
311 1945 505 2028 probationes
535 1964 569 2006 er
588 1943 741 2026 Scriptura
774 1943 829 2005 de·
869 1943 969 2005 divina
981 1944 1138 2006 existentia
1157 1945 1254 2026 deque
1269 1948 1469 2026 eiusunitate,

221 2040 389 2111 sumptas,
424 2038 477 2092 aut
505 2028 661 2090 ecclesiam
700 2028 829 2107 eiusque
869 2027 1094 2105 infallibilitate,
1115 2031 1313 2109 perpetuitate
1344 2033 1472 2094 ceteris·

222 2115 428 2196 proprietates
443 2131 478 2174 ae
494 2113 578 2174 dotes
594 2132 628 2173 ex
646 2111 752 2173 iisdem
765 2112 829 2173 lon·
869 2129 929 2191 que
945 2110 1076 2188 dotibus,
1091 2111 1201 2192 quibus
1216 2133 1234 2174 a
1249 2113 1309 2176 Deo
1322 2114 1470 2178 instructa

223 2200 309 2261 tibus
328 2198 496 2260 adstruere.
513 2194 668 2277 Siquidem
690 2204 829 2258 neutrum
869 2195 977 2271 luerat,
998 2204 1027 2258 et
1041 2214 1076 2256 en
1088 2196 1152 2256 eius
1170 2197 1348 2260 auctoritate
1364 2219 1398 2260 ac
1410 2221 1472 2262 ma-

224 2292 430 2364 praestamus,
451 2280 503 2341 sed
522 2299 576 2361 per
593 2288 767 2356 argumenta
782 2299 831 2341 ex·
869 2279 991 2356 gisterio
1011 2277 1180 2341 didicerunt
1199 2281 1314 2360 fideles,
1346 2284 1469 2364 quinam

227 2368 372 2443 trinsera,
390 2383 498 2445 nempe
517 2383 571 2444 per
586 2364 696 2425 motiva
730 2364 829 2425 credi·
870 2362 981 2424 luerint
999 2363 1069 2425 libri
1084 2383 1102 2424 a
1116 2362 1177 2426 Deo
1189 2364 1469 2448 inspirati,qninam

227 2451 368 2528 bilitatis,
384 2450 415 2510 id
427 2449 585 2510 efficimus.
600 2448 643 2510 En
656 2466 829 2529 processum
868 2448 1017 2523 genuinus
1050 2445 1172 2509 illorum
1190 2467 1319 2528 sensus,
1351 2452 1472 2532 aliaque

228 2546 379 2597 nostrum:
399 2532 557 2596 ecclesiam
580 2531 830 2594 seu-societatem
870 2531 1031 2592 eiusmodi.
1049 2529 1157 2593 Primis
1176 2533 1314 2596 fidelibus
1332 2535 1382 2596 alii
1400 2545 1472 2598 tem·

228 2619 424 2681 christianam
443 2637 460 2678 a
478 2616 544 2678 lesu
560 2617 707 2677 salvatore
727 2625 830 2678 nostro
870 2615 952 2695 poris
967 2633 1127 2695 progressu
1140 2615 1249 2693 iugiter
1267 2617 1374 2680 adiecti
1388 2631 1470 2698 sunt,

230 2704 398 2765 institutam
418 2720 496 2780 esse,
514 2708 559 2762 est
578 2700 687 2762 lactum
713 2718 767 2780 per
798 2719 830 2762 se
870 2699 956 2760 etita
975 2718 1064 2780 porro
1084 2719 1180 2780 usque
1200 2700 1238 2762 ad
1255 2720 1310 2764 nos
1329 2701 1393 2764 sine
1422 2703 1471 2764 in-

232 2787 516 2863 luculentissimum,
536 2784 617 2865 quod
639 2783 751 2845 eisdem
778 2802 829 2844 ar·
870 2783 1067 2863 terruptione,
1088 2782 1144 2844 sub
1162 2784 1334 2861 magisterio
1353 2798 1471 2867 aposto-

237 2872 380 2947 gnmeutis
398 2890 433 2932 ac
451 2867 678 2951 probationibus
703 2865 831 2929 adstrui·
871 2866 968 2927 lorum
988 2885 1155 2946 eorumque
1174 2886 1396 2942 successorum,
1418 2871 1470 2952 qui

241 2964 297 3033 tur,
313 2955 424 3036 quibus
442 2953 654 3034 quodcumque
665 2951 829 3012 humanum
869 2950 907 3011 ab
922 2949 1066 3030 apostolis
1076 2949 1243 3012 sacerdotio
1253 2951 1281 3012 in
1297 2951 1404 3034 triplici
1415 2973 1471 3016 suo

238 3040 341 3100 lactum
358 3039 535 3100 historicum
558 3035 827 3117 comprobatores.
869 3033 963 3110 gradu
983 3033 1090 3096 delecti
1108 3053 1162 3095 seu
1178 3034 1332 3097 constituti
1350 3039 1472 3100 suntad

232 3140 276 3198 gr.
295 3122 454 3185 existentia
469 3120 588 3203 imperii
603 3119 732 3182 romani.
751 3118 831 3182 Haec
871 3117 998 3180 eandem
1012 3117 1100 3180 tidem
1124 3118 1350 3182 custodiendam
1361 3129 1391 3182 et
1405 3141 1471 3202 pro·

231 3227 319 3287 porro
340 3208 408 3289 ipsa
424 3205 554 3268 societas
582 3203 757 3282 christiana,
776 3222 831 3267 scu
871 3201 1035 3367 pagappqam
1069 3202 1101 3264 iu
1132 3203 1352 3284 subsequentes
1385 3217 1469 3268 aeta-

385 3306 390 3315 “
871 3295 916 3348 les
953 3316 955 3320 ¹

261 3374 301 3442 (l)
321 3371 357 3426 Ut
373 3381 469 3441 pateat,
487 3368 616 3423 interdum
634 3369 710 3420 etiarn
728 3368 831 3434 gravio·
1238 3417 1241 3426 ,

228 3458 267 3492 res
286 3450 476 3509 protestantes,
498 3441 543 3506 qui
572 3453 665 3504 nempe
681 3435 750 3503 spud
772 3453 832 3487 snos
871 3433 949 3485 tuiti
967 3435 1098 3487 consulter·
1115 3452 1159 3487 sur
1175 3435 1366 3504 l’organisstion
1384 3437 1477 3506 primi-

225 3509 363 3561 doctrinae
374 3506 593 3559 acmoderatiouis
603 3504 680 3556 laude
690 3503 831 3567 excellunt,
871 3504 924 3553 tiss
941 3501 974 3553 de
994 3504 1016 3554 la
1036 3501 1130 3555 socidtd
1147 3504 1308 3565 chritienne,
1328 3507 1344 3555 il
1358 3521 1375 3572 y
1389 3510 1474 3558 aurait

226 3578 350 3644 ignorare
367 3576 464 3643 plane,
487 3591 554 3642 quse
571 3572 603 3623 sd
627 3571 750 3624 ecelesias
766 3589 831 3622 corr·
872 3572 1123 3622 tres-certainement
1145 3588 1196 3632 vu,
1220 3589 1271 3638 que
1282 3571 1346 3623 dsns
1359 3575 1394 3623 tes
1412 3590 1473 3639 pre-

225 3647 390 3697 stitutionem
406 3652 538 3710 spectant,
566 3640 628 3691 sutis
651 3641 685 3692 sit
702 3640 832 3707 appellare
872 3639 950 3688 rulers
967 3647 1048 3706 temps
1060 3639 1140 3690 toutb
1154 3639 1200 3690 leit
1212 3640 1276 3688 dsrrs
1298 3638 1335 3689 les
1348 3641 1473 3706 premiers

225 3714 254 3763 ad
276 3711 409 3764 celebrem
425 3710 534 3770 (iniunt,
552 3708 598 3776 qni
616 3709 642 3759 in
660 3723 705 3758 sou
724 3709 832 3758 Histoire
872 3714 964 3770 temps,
982 3705 998 3756 il
1018 3707 1115 3772 yarnit
1129 3703 1173 3756 des
1189 3708 1311 3771 evesques,
1324 3705 1414 3757 dtsblis
1427 3725 1473 3774 pm

223 3785 252 3831 ds
270 3783 297 3832 lo
314 3782 466 3831 cios'lisotion
479 3795 508 3828 sn
520 3775 634 3839 Europe,
653 3776 735 3840 Paris,
755 3780 831 3838 taor,
872 3773 1061 3839 l'Esprit-Suint
1090 3789 1156 3840 pour
1184 3773 1471 3841 gouvernerl'eglise,

224 3848 288 3901 lect.
306 3853 335 3911 2,
356 3863 416 3914 pag.
434 3851 478 3909 bb,
496 3845 612 3911 scripsit:
634 3845 682 3895 «A
702 3844 725 3892 la
742 3842 777 3892 lin
796 3844 830 3895 du
871 3839 916 3891 des
935 3841 1032 3908 pretres
1049 3841 1140 3892 dtsblis
1160 3857 1205 3907 par
1224 3841 1259 3890 los
1272 3841 1388 3908 Apbtres,
1406 3857 1473 3909 pour·

225 3915 275 3978 lV,
295 3925 323 3968 et
340 3931 375 3966 su
394 3921 614 3966 commeneeruent
635 3911 671 3962 du
693 3909 831 3974 Vsitcle,
872 3907 1007 3975 presides,
1037 3908 1081 3960 des
1110 3907 1209 3959 discres
1231 3907 1342 3976 adjoints
1359 3925 1406 3976 psr
1423 3927 1472 3961 erin

225 3984 247 4034 le
260 3984 460 4036 Christianisme
470 3978 560 4031 n't'stait
573 3979 632 4047 plus
651 3995 703 4030 une
719 3994 831 4044 croyon·
871 3994 922 4028 sus
940 3978 1039 4044 pretres
1055 3984 1082 4028 et
1100 3993 1151 4028 anx
1162 3976 1284 4043 estques.
1304 3976 1323 4028 ll
1336 3977 1420 4028 sursit
1439 3995 1473 4030 ru

223 4069 252 4101 ce
272 4049 469 4111 individuelle,
489 4046 577 4099 c'dtsit
598 4063 649 4097 une
667 4046 830 4111 institution3
872 4053 976 4161 partout
989 4061 1017 4096 ce
1035 4061 1086 4112 que
1103 4045 1139 4096 les
1157 4043 1266 4111 bpdtres
1283 4042 1337 4110 (en
1357 4045 1472 4112 particu-

225 4120 240 4167 il
259 4117 346 4170 s's'etsit
364 4118 511 4181 constitue,
534 4115 552 4166 il
570 4115 639 4165 svalt
655 4129 700 4164 son
719 4129 832 4180 gouver·
883 4113 921 4162 ies·
931 4113 998 4162 saint
1009 4111 1072 4162 l’sul
1085 4110 1199 4162 dsnsoses
1212 4113 1300 4162 lettres
1312 4113 1326 4163 i
1338 4111 1473 4164 Timotbde

223 4195 342 4252 nement,
353 4202 390 4237 un
408 4185 505 4252 clesgd,
517 4199 570 4234 urie
581 4180 726 4234 hierarchis
744 4179 831 4232 detes·
871 4188 896 4229 ot
912 4179 1014 4247 stite)
1033 4178 1117 4230 disent
1134 4196 1184 4230 eux
1200 4177 1312 4247 evdques
1329 4188 1354 4230 ct
1371 4197 1420 4232 aux
1441 4183 1473 4232 lr-

223 4252 310 4305 minee
338 4268 407 4323 pour
428 4253 465 4304 les
482 4249 629 4302 differentes
651 4247 778 4301 fonctions
795 4246 830 4300 du
871 4245 942 4297 deles
959 4264 1004 4298 sur
1016 4246 1085 4298 leurs
1103 4256 1220 4314 rapports
1231 4247 1333 4314 recipio
1353 4264 1407 4309 urs,
1421 4266 1473 4316 que

222 4323 335 4390 cierge,
364 4329 443 4372 etc.»
465 4315 562 4370 Verum
591 4318 628 4369 sie
652 4316 743 4367 merito
772 4331 830 4370 cum
872 4313 1001 4366 l'sttitude
1018 4314 1063 4366 des
1081 4317 1203 4382 prcmicrs
1221 4316 1235 4365 b
1253 4313 1285 4366 l't
1304 4263 1350 4364 ard
1368 4313 1413 4366 des
1430 4333 1472 4365 sc-

222 4388 380 4457 perstringit
397 4387 432 4438 cl.
456 4386 577 4439 blestinet
598 4387 680 4438 Solut.
698 4387 726 4433 ds
742 4387 832 4445 qsnnds
869 4379 949 4432 corrds
977 4382 1039 4433 dtait
1065 4391 1121 4433 tout
1143 4383 1212 4433 aussi
1240 4379 1430 4448 inrlependante
1448 4393 1474 4434 et

220 4459 369 4520 probte'ssses,
388 4463 450 4507 torn.
464 4459 492 4516 2,
513 4453 588 4520 clrsp.
603 4457 636 4507 22
654 4451 681 4502 in
695 4458 765 4501 notas
783 4472 793 4494 ι
810 4450 829 4501 ll
871 4451 1032 4516 imperativo,
1050 4449 1144 4516 qu’elle
1160 4449 1194 4499 l'a
1207 4446 1247 4500 ete
1260 4448 1361 4538 depuis.
1375 4447 1411 4499 En
1420 4449 1474 4516 joi·

220 4533 260 4575 est
278 4525 330 4576 sort
346 4524 361 4574 d
380 4531 507 4592 regretter
524 4521 567 4589 qu'
578 4538 610 4572 eu
638 4523 703 4570 1828
721 4518 745 4568 le
763 4518 831 4569 seta-
870 4518 1018 4586 psittacos
1035 4513 1148 4568 denudes
1165 4517 1242 4567 colles
1261 4516 1323 4584 quil
1337 4516 1420 4566 auruit
1432 4517 1473 4566 lu·

222 4590 268 4642 bre
287 4593 435 4660 prolesscur
452 4590 525 4641 n’erit
551 4605 595 4655 pas
611 4587 639 4639 lu
658 4587 682 4638 le
705 4585 828 4650 Nourepu
870 4586 990 4636 cilement
1002 4587 1122 4636 trourtes
1133 4583 1196 4634 daris
1208 4585 1244 4634 les
1255 4581 1474 4635 terivsinsecete-

222 4658 389 4713 Testamenta
409 4674 442 4710 eu
459 4663 570 4710 ourrsnt
588 4672 617 4707 ce
644 4655 720 4718 livre,
738 4653 784 4722 qui
802 4655 829 4705 e·
869 4653 1007 4721 siastiques
1035 4651 1081 4704 des
1098 4653 1223 4720 premiere
1240 4661 1338 4721 temps,
1357 4650 1405 4702 tels
1422 4668 1475 4720 qne

1346 4743 1380 4814 '3
