3700 5659
842 539 975 586 oaourr.
1475 529 1495 592 9

284 636 458 703 licetrrrllo
474 633 896 711 noaordinmtnrsaltfirrmo
937 632 1082 694 ldeorero
1095 633 1285 716 additurpio,
1298 636 1535 716 utslgnilicotur,
1590 677 1598 686 ι

286 719 487 800 ἀυῇηίιὲοηόκ.
501 717 631 793 Singulis
644 735 733 797 porro
754 716 895 787 l‘ainliuae
938 717 1024 778 ladem
1046 717 1243 796 theologicam
1259 721 1428 784 intellectus
1441 724 1534 784 simul

287 805 438 867 delinitior
450 799 478 863 is
492 802 591 862 neritis
609 801 758 882 expensis,
770 800 811 861 ito
827 820 898 862 ron·
937 802 1153 876 acroluntatis,
1169 822 1236 864 runa
1256 806 1351 882 gratia
1363 806 1532 869 illustratio·

291 889 387 950 cludit
405 908 431 949 s.
455 889 563 948 llootor
581 887 638 947 sub
658 885 792 946 eiusdem
821 885 896 946 arti·
939 885 984 946 uis
1003 894 1033 945 et
1050 885 1266 966 inspirationis,
1288 908 1466 952 coneursum
1491 910 1526 953 re

288 973 353 1034 ruli
374 974 476 1033 linem:
498 972 531 1030 Si
549 972 614 1049 qais
632 988 704 1050 erpo
719 970 749 1030 r'n
766 971 897 1049 formiam
937 969 1080 1049 quirere:
1100 971 1269 1033 intellectus
1297 983 1446 1053 quatenus
1470 976 1536 1038 eius

288 1057 477 1136 delinitionis
496 1055 668 1117 lirrirrsmodi
691 1055 779 1116 aaron
804 1057 896 1116 roda·
938 1053 1027 1114 estde
1039 1053 1161 1115 veritate
1176 1073 1367 1133 cognoscere,
1378 1059 1536 1140 eidemque

289 1142 449 1216 rrrer‘elit,
468 1148 556 1218 potest
570 1142 668 1201 darre
684 1139 761 1216 prrod
772 1139 843 1216 lidos
856 1147 896 1199 ert
937 1137 1072 1214 cognitae
1091 1140 1241 1215 assentiri,
1261 1141 1397 1221 adeoque
1418 1144 1536 1224 proprie

293 1227 415 1289 linoltus
433 1224 551 1298 irroratis,
576 1241 633 1302 prro
651 1223 813 1284 iardootar
838 1225 897 1284 ritu
938 1232 967 1282 et
987 1222 1158 1284 immediate
1177 1231 1222 1284 est
1248 1224 1317 1285 srdei
1338 1226 1534 1290 subiectum:
1556 1247 1559 1258 ·

291 1320 415 1371 norman
433 1309 466 1369 ia
483 1309 579 1382 nolis,
590 1309 704 1387 [orionis
717 1307 898 1369 intellectam
937 1306 1098 1367 voluntatis
1117 1317 1229 1385 autem,
1246 1318 1395 1388 quatenus
1408 1313 1535 1392 applicat
1556 1340 1559 1347 ·

291 1394 440 1456 asseratirr
456 1411 517 1452 aon
540 1393 750 1470 apparentibus
775 1391 835 1469 (l).
938 1389 1120 1474 intellectum
1137 1391 1174 1453 ad
1193 1393 1409 1456 consideranda
1436 1395 1531 1456 credi·

338 1479 369 1538 o.
390 1475 419 1538 Si
435 1477 611 1556 quistarneu
630 1475 817 1536 malueritad
829 1473 897 1536 dia·
939 1473 1062 1536 bilitatis
1082 1476 1212 1549 motiva,
1232 1478 1421 1557 eundemque
1439 1488 1534 1542 movet

289 1563 418 1623 lecticae
453 1561 571 1636 regulas
604 1560 672 1620 ndei
693 1559 896 1620 definitionem
917 1615 919 1666 Ι
938 1559 975 1619 ad
992 1560 1216 1623 assentiendum
1246 1561 1295 1637 iis,
1327 1581 1404 1642 quae
1422 1573 1534 1626 constet

289 1647 437 1722 exigere,
465 1663 530 1705 earu
562 1663 710 1704 consensu
744 1644 896 1706 communi
938 1645 1216 1720 esserevelata,ao
1238 1645 1358 1707 demum
1392 1649 1535 1728 approbat

290 1731 450 1810 proliataru
468 1727 590 1789 lraliebit
609 1729 655 1789 liis
670 1727 898 1808 uerbisexpres·
937 1727 1039 1788 datum
1059 1747 1260 1805 consensum,
1280 1750 1314 1791 ex
1333 1750 1393 1811 quo
1412 1742 1442 1792 et
1462 1733 1536 1794 illud

288 1833 370 1874 aaran:
389 1815 527 1876 l'r'drrest
543 1816 638 1875 cirtae
656 1814 897 1893 tlrrrtlopiro,qrrrr
916 1877 918 1889 ,
937 1814 1143 1892 consequitur3
1160 1814 1228 1876 fidei
1247 1824 1344 1876 actum
1358 1834 1424 1878 esse
1443 1815 1534 1878 meri-

287 1899 379 1959 lrooat
397 1902 485 1978 (irruo
503 1916 537 1959 no
560 1898 610 1976 pio
639 1902 746 1958 arelatis·
775 1915 896 1959 orariam
916 1952 918 1986 Ι
938 1897 1061 1957 lorium.
1083 1897 1143 1958 lloc
1163 1910 1262 1960 autem
1287 1900 1336 1980 pio
1354 1901 1460 1962 allecta
1480 1901 1535 1962 de-

290 1985 533 2044 rarditruritotrs
546 1983 895 2044 onrrresalleorrrrlntos
915 1987 918 2058 l
936 1982 1032 2042 stituti
1052 1981 1215 2045 daemones
1247 1993 1338 2060 sunt,
1368 1984 1419 2063 qui
1447 1985 1534 2047 fidem

285 2077 413 2146 proptor
435 2068 529 2146 ipsias
548 2068 603 2130 liei
620 2067 780 2129 reserantis
798 2077 897 2129 nacto·
936 2065 1057 2145 quidem
1084 2066 1220 2144 habent,
1252 2067 1305 2128 sed
1337 2086 1396 2127 non
1416 2069 1535 2129 tlreolo-

287 2153 425 2212 ritatem.
485 2194 491 2204 .
935 2150 1055 2227 girato:
1076 2150 1202 2214 creduut
1226 2154 1306 2213 enim
1323 2163 1353 2214 et
1370 2153 1535 2214 contremi-

334 2237 386 2296 to.
415 2232 554 2311 Singulas
590 2233 682 2296 hrains
713 2233 1034 2297 definitionis.sount.
1309 2292 1313 2298 .

288 2337 395 2400 partes
411 2320 598 2380 ernrcleando
617 2329 752 2395 constat,
782 2323 811 2380 l⁰
829 2340 894 2388 earn
915 2310 920 2362 l
980 2317 1168 2379 ll.ldrlitur
1180 2317 1417 2382 rermlleritates
1431 2338 1535 2382 omnes

290 2404 352 2463 ‹lici
370 2404 522 2480 rirtutem,
540 2423 576 2464 eo
592 2406 672 2484 quod
687 2404 796 2464 borium
811 2404 896 2466 sitae
915 2363 918 2490 l
937 2421 954 2464 a
974 2402 1034 2464 [leo
1054 2404 1211 2480 revelataS,
1222 2405 1346 2483 eoquod
1365 2405 1438 2466 sides
1453 2407 1535 2466 tlreo·

287 2488 400 2548 rationi
421 2497 655 2550 consentaneum
682 2487 740 2548 lleo
753 2487 894 2550 revelanti
915 2493 918 2562 ξ
936 2487 1534 2566 logicalniissolisverseturreritatibus,

290 2573 382 2633 lideru
407 2573 565 2649 adlriliere,
597 2583 626 2634 et
652 2573 722 2653 quin
742 2573 893 2634 hominem
915 2593 917 2690 p
937 2591 1015 2651 quae
1033 2572 1070 2633 ad
1088 2572 1264 2649 religionem
1283 2593 1318 2635 ao
1337 2574 1536 2636 virtutemco·

289 2657 421 2738 perficit,
443 2659 531 2739 prout
549 2658 701 2738 proprium
723 2677 832 2718 munus
851 2667 897 2719 est
915 2691 917 2726 a
936 2656 1054 2718 leodem
1067 2658 1535 2737 supernaturaliluminedivinae

289 2743 427 2802 omniurn
439 2743 594 2819 virtulmu3
607 2742 803 2820 theologicam
811 2759 896 2823 prae·
937 2741 1129 2802 revelationis
1144 2740 1348 2819 innotescunt,
1368 2743 1406 2805 ad
1426 2744 1535 2805 discri-

292 2835 378 2886 terea
412 2827 592 2908 nuncupari,
617 2827 688 2906 qula
722 2826 895 2888 immediate
937 2845 1005 2886 men
1027 2826 1184 2886 veritatum
1214 2827 1423 2905 naturalium,
1457 2845 1535 2907 quae

294 2907 392 2970 lteurn
406 2913 540 2992 respicit,
563 2921 624 2972 tum
644 2911 734 2972 etiarn
751 2911 822 2989 quia
840 2931 894 2992 pe·
935 2929 1043 2990 nempe
1059 2908 1096 2969 ad
1114 2919 1238 2971 naturae
1253 2911 1454 2988 cognitionem
1470 2929 1535 2993 per·

301 2994 447 3055 culiariet
468 2996 596 3074 gratuito
618 2994 669 3055 llei
699 2994 895 3056 beneficiola
936 2993 1042 3069 tinent,
1074 2993 1328 3071 autmoralium,
1364 3014 1441 3075 quae
1469 2995 1533 3056 solo

295 3079 460 3150 regenerati
492 3080 639 3158 cuiusque
672 3078 802 3138 animam
836 3098 894 3142 una
936 3077 1536 3156 naturalilumineautdeduonntur,aut

293 3177 363 3220 curn
384 3161 523 3243 baptismi
538 3164 632 3238 gratia
652 3161 892 3241 iulunditnrll).
936 3171 1168 3239 cognoscuntur,
1185 3163 1357 3242 quanrviset
1377 3163 1458 3244 ipsae
1468 3182 1536 3244 pos·

319 3250 386 3306 ·tl.
407 3247 471 3320 Orio
488 3248 573 3309 ltonro
591 3249 679 3328 lirum
695 3265 730 3309 or
744 3249 795 3326 pio
815 3266 896 3309 area·
935 3244 996 3307 sint
1010 3263 1076 3307 esse
1095 3246 1445 3308 obieotuinrovelatiouis
1457 3246 1534 3307 diri·

289 3329 332 3391 tis
345 3348 467 3392 osaerrsn
480 3333 588 3406 or·edt't;
603 3350 681 3412 quae
693 3331 782 3392 verba
793 3351 893 3394 veram
936 3349 1003 3392 nae.
1014 3328 1161 3392 Veritates
1175 3350 1262 3412 porro
1278 3331 1367 3393 olleo
1385 3332 1534 3393 revelatae

287 3431 525 3496 germanamque
545 3416 612 3476 lidei
632 3415 818 3493 theologicae
838 3435 894 3478 no·
936 3416 1123 3476 constituunt
1154 3415 1254 3493 illud,
1283 3416 1364 3496 quod
1383 3415 1533 3478 obiectum

288 3497 406 3560 tionem
431 3496 583 3562 exhibent.
605 3499 757 3580 Siquidem
771 3500 845 3561 liaeo
864 3500 895 3561 in
937 3499 1092 3560 materiale
1115 3499 1184 3560 lrdei
1206 3509 1322 3562 vocant.

288 3583 379 3645 sumo
403 3603 525 3646 assensu
547 3585 696 3662 consistit,
723 3603 782 3665 quo
803 3586 893 3663 quis,
980 3584 1030 3643 t3.
1051 3582 1176 3664 Propter
1197 3583 1291 3663 ipsius
1312 3583 1363 3644 Dei
1375 3581 1535 3644 revelantis

287 3667 376 3728 omui
397 3669 596 3731 lraesitalione
615 3676 741 3742 remota,
762 3670 824 3729 vult
842 3687 894 3730 ve·
935 3666 1144 3728 auctoritatem
1165 3713 1173 3743 ,
1194 3666 1305 3747 quibus
1322 3666 1390 3728 fidei
1409 3666 1535 3728 lormale

287 3751 547 3816 ritatibusalleo
563 3753 701 3815 revelatis
717 3753 892 3830 adhaerere,
937 3751 1079 3812 molinum
1113 3750 1300 3832 exprimitur.
1333 3749 1404 3812 Nam
1443 3749 1535 3811 nullis

287 3847 382 3918 atque
401 3857 455 3920 per
474 3837 739 3914 lroo'distiuguitur
764 3837 802 3898 ab
825 3837 893 3918 opi·
934 3835 1111 3898 veritatibus
1127 3836 1183 3896 hae
1195 3835 1252 3897 side
1264 3835 1456 3908 assentimur,
1474 3833 1533 3895 uisi

288 3921 394 3999 uione,
417 3942 494 4003 quae
510 3943 665 3985 assensum
695 3922 815 4003 quidem
835 3921 894 3983 ali·
935 3928 1063 3994 constet,
1084 3938 1135 3984 eas
1153 3938 1255 3982 essee
1281 3919 1341 3982 lleo
1377 3919 1532 3981 revelatas.

289 4025 382 4086 quem
401 4007 547 4086 praebet,
570 4007 622 4068 sed
638 4015 809 4082 nutantem,
839 4025 893 4067 neo
934 4003 1102 4085 Utrumque
1131 4004 1281 4066 obiectum
1303 4053 1311 4083 ,
1333 4002 1488 4066 materiale
1507 4009 1537 4065 el

289 4097 391 4154 omnis
410 4091 530 4154 errandi
549 4091 717 4154 formidinis
728 4100 890 4172 expertem.
934 4090 1072 4168 formale,
1084 4090 1236 4152 concurrit
1247 4088 1284 4152 ad
1297 4088 1534 4152 constituendam

324 4291 415 4358 (llll,
439 4297 465 4356 2,
496 4310 522 4362 q.
547 4297 578 4355 l,
600 4308 624 4343 a.
643 4297 669 4344 l.
694 4290 783 4356 Quoad
815 4289 892 4341 verita
934 4290 1041 4340 obiectis
1057 4289 1134 4355 lidoi,
1152 4307 1219 4358 quae
1246 4291 1269 4341 oi
1295 4287 1423 4341 credenda
1439 4302 1535 4354 propo·

286 4359 343 4424 ipsa
364 4361 475 4430 ¹ipostoli
494 4361 527 4412 ol.
546 4361 642 4413 Esaiam
661 4369 686 4412 ot
704 4358 891 4411 lloruardirnnu
934 4368 1041 4409 noritur.
1062 4357 1192 4409 Eiusmodi
1211 4358 1314 4410 lraliitus
1337 4368 1421 4408 antron
1439 4355 1534 4418 ingiter

258 4447 264 4456 ¹
285 4429 446 4492 al’irouio,
466 4446 580 4482 necnon
605 4432 683 4482 Corn.
707 4445 721 4480 a
745 4428 841 4496 Lepido
866 4430 891 4480 iu
933 4436 1097 4494 piorsorerat,
1114 4427 1202 4477 donoc
1220 4437 1278 4478 actu
1303 4426 1412 4486 uirtuti,
1432 4431 1537 4490 propter·

285 4496 359 4547 lrunn
378 4499 427 4549 loc.
933 4512 1009 4562 qrtaru
1024 4494 1121 4554 datur,
1140 4497 1268 4545 contrariu
1286 4493 1449 4550 destruatur,
1467 4487 1536 4556 qrrorl

321 4568 361 4628 (ι’)
379 4566 474 4632 Nrarrpr
488 4583 534 4634 por
547 4565 651 4616 modurn
668 4562 771 4616 lraliitus
789 4579 890 4632 porma-
934 4565 959 4613 in
979 4579 1038 4613 casu
1058 4572 1144 4611 nostro
1158 4564 1285 4631 contingit
1298 4579 1343 4630 por
1356 4561 1481 4611 haeresim
1493 4563 1538 4609 aul

282 4637 384 4696 noratis,
403 4650 454 4701 qno
477 4635 521 4694 su,
540 4643 566 4684 ut
586 4639 669 4684 arrium
688 4631 841 4699 disponatur
858 4630 890 4682 ad
934 4631 1155 4691 irreredutnarem,

280 4717 416 4753 esst-usum
442 4703 620 4771 praestandum
638 4718 685 4753 suo
703 4711 817 4770 ternpore
840 4701 891 4750 illis

1412 4780 1441 4847 'l
