3700 5659
393 499 434 562 62
914 511 952 553 ms
971 510 1036 556 rien

352 608 575 691 conspiratione
601 607 735 670 omnium
755 603 888 683 gentium
905 602 956 664 in·
998 604 1060 666 lloc
1078 604 1108 664 in
1132 621 1202 665 casu
1229 611 1327 683 potest
1351 603 1489 665 voluntas
1508 611 1585 667 lotan

353 693 485 756 bdelium
505 693 543 755 ab
565 692 664 768 initio,
681 691 821 770 deinceps
839 706 909 749 vero
925 705 958 748 o·
997 707 1083 750 suam
1120 705 1258 749 exercere
1276 687 1447 748 libertatern
1465 736 1473 764 ,
1494 706 1586 768 nempe

354 777 468 838 nonium
481 773 956 838 etinfideliumethaereticorum
999 781 1096 854 potest
1122 781 1174 834 aut
1195 771 1344 852 applicare
1362 771 1544 833 intellectum
1557 773 1588 833 ad

354 855 958 939 etschismaticorumetapostatarumsive
998 856 1268 919 considerationem
1288 855 1455 917 eorundem
1475 855 1588 916 metito-

355 952 526 1025 apertorum
536 943 597 1005 sive
612 943 810 1017 occultorum,
821 939 958 1002 omnium
999 959 1078 1012 rum,
1092 949 1144 1001 aut
1157 941 1195 1000 ab
1213 940 1268 1000 hac
1279 939 1588 1002 considerationeeum

358 1023 959 1107 sectariorum,omniumpenegubernio·
999 1034 1154 1100 avertere3
1181 1031 1278 1105 potest
1308 1023 1455 1086 cohibere
1473 1042 1590 1086 consen-

358 1131 436 1189 rum,
457 1112 500 1173 uti
520 1129 599 1172 nunc
617 1112 680 1172 lere
695 1108 860 1187 contingit,
881 1126 960 1189 quae
999 1127 1088 1187 sum,
1114 1109 1281 1170 autetiam
1313 1108 1400 1168 illum
1432 1109 1589 1185 denegare3

357 1195 439 1257 omni
462 1196 578 1258 ratione
597 1193 768 1270 haereticis,
787 1211 841 1255 seu
861 1199 961 1273 prote·
1000 1202 1097 1273 potest
1115 1211 1147 1256 se
1179 1193 1238 1254 alio
1261 1192 1442 1270 distrahere,
1465 1211 1524 1254 nna
1545 1211 1591 1272 po·

356 1279 506 1342 stantibus
523 1280 621 1341 tarent
645 1287 736 1358 atque
757 1275 959 1338 adblandiun·
1001 1277 1060 1339 tius
1078 1295 1167 1358 quarn
1186 1277 1245 1338 alia
1263 1276 1378 1337 ratione
1406 1276 1511 1338 eadem
1534 1293 1591 1335 rno-

359 1372 418 1440 tur,
439 1372 472 1424 ut
500 1362 666 1426 catholicos
692 1360 805 1440 ubique
823 1360 959 1421 locorum
1001 1361 1059 1423 tiva
1076 1359 1263 1442 expendere,
1281 1378 1316 1421 ac
1334 1361 1511 1422 incredulus
1530 1379 1591 1440 pro-

358 1447 527 1528 deprimant
550 1456 579 1508 et
597 1446 807 1521 insectentur,
827 1452 960 1506 attamen
1000 1446 1070 1507 inde
1089 1446 1156 1525 quis
1175 1453 1272 1526 potest
1289 1463 1480 1526 permanere.

359 1531 486 1592 ecclesia
509 1529 619 1606 iugiter
648 1537 678 1590 et
699 1529 841 1590 dilatatur
863 1536 893 1589 et
913 1528 960 1589 oi·
1042 1531 1116 1590 dli.
1147 1529 1191 1590 Ad
1211 1530 1242 1589 5.
1271 1527 1350 1605 Nego
1372 1527 1524 1590 eiusmodi
1550 1547 1593 1588 se-

361 1613 436 1674 ctrix
451 1631 570 1693 semper
581 1613 723 1694 perdurat
737 1613 797 1692 (l).
817 1610 880 1674 Hoc
895 1631 963 1693 pro·
1001 1615 1142 1696 quolam,
1163 1621 1226 1674 turn
1246 1612 1317 1693 quia
1334 1613 1378 1674 rei
1396 1613 1556 1675 difficultas
1569 1621 1594 1672 et

360 1699 438 1759 lecto
451 1697 619 1758 mirandum
638 1698 842 1778 spectaculum
856 1705 886 1758 et
898 1715 963 1757 cre·
1001 1698 1134 1777 arduitas
1144 1715 1202 1758 non
1212 1699 1380 1759 necessario
1389 1696 1555 1778 requiritur
1563 1695 1595 1756 ad

361 1781 518 1842 dibilitatis
550 1789 760 1860 argumentum
780 1780 864 1842 nulla
882 1780 962 1841 anti·
1002 1783 1154 1859 meritum,
1174 1781 1308 1862 alioquin
1323 1779 1462 1843 Christus
1481 1780 1594 1841 meritus

361 1864 523 1926 christiana
558 1874 588 1927 et
627 1864 839 1928 anticatholica
882 1871 964 1925 secla
1002 1885 1061 1928 non
1082 1865 1188 1926 luisset
1206 1865 1379 1927 inamando
1398 1865 1474 1944 Deo,
1492 1865 1522 1925 in
1543 1881 1594 1942 quo

363 1950 487 2030 praebet
512 1958 564 2012 aut
582 1948 721 2030 praebuit
738 1967 892 2029 unquam,
912 1956 964 2009 ant
1003 1951 1085 2012 nulla
1099 1949 1256 2010 laborabat
1269 1949 1458 2027 difficultate,
1477 1957 1595 2010 attamen

363 2034 508 2114 praebere
523 2035 631 2115 poterit
650 2033 711 2113 (Ξ).
1003 2044 1117 2096 certum
1135 2042 1181 2095 est
1195 2033 1356 2113 plurimum
1371 2034 1532 2108 meruisse,
1542 2040 1595 2091 tum

404 2117 477 2179 239.
497 2117 643 2196 lamvero,
663 2118 689 2179 si
703 2126 766 2180 tum
785 2118 881 2194 haec,
900 2124 963 2178 turn
1004 2119 1075 2199 quia
1093 2117 1300 2178 credibilitatis
1322 2117 1474 2180 evidentia
1493 2134 1549 2177 non
1567 2133 1596 2174 o·
1662 2113 1663 2156 l

364 2202 512 2281 permulta
533 2202 624 2263 simul
639 2201 876 2279 coniungantur,
896 2219 963 2262 eam
1005 2221 1103 2264 mnem
1124 2201 1265 2263 credendi
1283 2202 1491 2264 difficultatem
1507 2197 1595 2280 tollit,

362 2285 422 2344 vim
452 2284 587 2364 illudque
614 2285 708 2347 robur
738 2285 899 2364 acquirunt
927 2284 965 2344 ad
1004 2306 1071 2348 cnm
1092 2304 1145 2368 per
1161 2286 1245 2347 illam
1268 2286 1344 2347 ratio
1363 2286 1446 2347 haud
1465 2281 1599 2365 impedia-

364 2367 598 2448 patelaciendam
635 2368 752 2430 divinae
775 2368 965 2430 revelationis
1005 2381 1064 2447 tur,
1085 2371 1247 2451 quominus
1266 2371 1352 2452 plura
1369 2379 1477 2432 contra
1498 2366 1598 2429 verita·
1663 2419 1664 2436 ,

364 2451 536 2528 veritatem,
574 2460 609 2513 ut
637 2452 785 2532 scepticus
817 2452 857 2513 sit
874 2469 966 2532 opor·
1006 2465 1064 2517 tern
1085 2455 1205 2535 ipsam,
1239 2455 1309 2534 quia
1332 2454 1463 2516 obscura
1487 2457 1597 2522 manet,

367 2542 439 2607 teat,
460 2535 512 2615 qui
528 2535 556 2596 ei
570 2536 667 2598 adbuc
685 2535 844 2598 obsisteret
863 2537 924 2616 (3).
1006 2547 1146 2616 congerat
1163 2546 1349 2617 argumenta,
1366 2546 1458 2622 prout
1475 2531 1599 2619 quotidie

408 2618 535 2680 abund
550 2620 580 2680 3.
593 2623 667 2701 Nep.
684 2619 748 2682 Non
764 2619 852 2681 modo
867 2618 969 2680 omnia
1007 2626 1049 2685 fit.

369 2711 422 2764 aut
432 2703 575 2783 pleraque
587 2703 969 2781 eiusmodisignacommu·
1050 2708 1123 2769 243.
1143 2706 1188 2768 hd
1214 2709 1245 2769 b.
1266 2710 1304 2771 D.
1326 2704 1437 2770 Omnes
1457 2703 1601 2768 crederent

368 2787 418 2848 nia
429 2788 748 2850 nonsuntinhdelibus
761 2787 967 2866 ethaereticis,
1009 2791 1064 2854 rite
1080 2791 1216 2872 dispositi
1227 2800 1257 2853 et
1276 2791 1385 2853 motiva
1403 2783 1601 2854 credibilitatls

369 2870 490 2933 sedisti
516 2891 554 2934 ne
584 2892 676 2934 unum
695 2872 817 2954 quidem
836 2873 967 2950 babent,
1009 2877 1086 2937 serio
1105 2877 1315 2958 expendentes,
1341 2877 1391 2951 C.;
1413 2875 1439 2937 si
1459 2890 1547 2956 prave
1562 2867 1601 2928 di-

370 2964 422 3016 aut
442 2955 501 3016 sibi
526 2957 688 3035 vindicant,
705 2965 735 3019 et
752 2959 807 3019 hac
824 2957 861 3019 de
880 2975 971 3019 causa
1009 2960 1114 3041 spositi
1129 2961 1188 3022 sint
1205 2979 1303 3040 neque
1320 2959 1400 3020 serio
1420 2957 1600 3041 expendant.

369 3039 464 3100 instar
486 3040 595 3120 culpis,
626 3061 712 3103 uvam
742 3041 889 3119 attingere
910 3059 972 3101 non
1010 3046 1049 3107 N.
1063 3042 1135 3106 Nam
1149 3063 1185 3106 eo
1198 3044 1274 3125 ipso,
1290 3043 1370 3124 quod
1390 3041 1604 3105 evidentiacre·

370 3123 507 3199 valentis,
528 3142 563 3184 ea
577 3133 721 3204 spernunt
736 3133 766 3186 et
783 3125 920 3202 irrident,
941 3144 974 3185 o·
1011 3128 1168 3190 dibilitatis
1201 3129 1366 3190 extrinseca
1389 3127 1429 3188 sit
1457 3144 1514 3188 nec
1532 3121 1604 3184 tollat

372 3205 454 3266 mnia
473 3208 622 3269 naturalia
641 3208 877 3270 immocarnalia
889 3216 972 3281 sunt,
1012 3213 1203 3289 libertatem,
1227 3213 1260 3273 lit
1281 3219 1314 3272 ut
1331 3211 1516 3286 stultorum,
1537 3221 1605 3286 quo·

372 3307 450 3368 quae
486 3289 585 3350 lavent
606 3291 765 3352 haereticis
793 3299 823 3353 et
848 3291 976 3353 infideli·
1013 3315 1078 3357 rum
1100 3296 1234 3358 infinitus
1252 3304 1298 3358 est
1323 3313 1493 3372 numerus,
1520 3284 1605 3365 negli-

374 3373 453 3450 bus,
473 3373 526 3453 qui
544 3374 665 3436 nonnisi
694 3383 812 3437 terrena
830 3376 973 3458 sapiunt,
1013 3381 1113 3458 gentia
1135 3390 1163 3442 et
1181 3381 1296 3443 malitia
1317 3379 1456 3441 veritates
1477 3373 1606 3439 divinitus

374 3473 430 3517 nec
449 3465 665 3538 superterram
681 3477 714 3522 se
731 3459 862 3536 erigunt.
1014 3465 1161 3526 revelatae
1180 3463 1474 3546 praetermittantur,
1495 3452 1606 3542 perinde

415 3541 489 3602 ato.
500 3541 584 3603 Adt.
597 3544 647 3604 vel
661 3545 700 3606 N.
715 3545 762 3606 rel
773 3546 811 3607 l).
827 3541 859 3606 Si
873 3562 978 3622 agere·
1016 3549 1088 3610 acsi
1101 3568 1160 3610 non
1175 3557 1320 3610 extarent.
1330 3547 1527 3628 Cupiditates,
1539 3553 1606 3622 qnae

374 3625 632 3688 turdeevidentia
651 3626 813 3691 intrinseca
824 3647 878 3691 seu
890 3629 928 3690 de
947 3647 979 3690 e·
1017 3633 1230 3711 dominantur,
1252 3643 1435 3695 transversos
1450 3635 1543 3708 agunt
1558 3625 1607 3684 ho-

373 3707 504 3771 videntia
519 3710 575 3787 rei,
587 3712 662 3774 haec
679 3713 798 3774 tolleret
809 3713 978 3775 libertatem
1019 3717 1126 3779 mines:
1147 3735 1206 3798 quo
1233 3718 1277 3794 fit,
1297 3725 1338 3777 nt·
1353 3715 1447 3776 instar
1465 3721 1606 3776 noctuae,

375 3811 530 3871 assensus,
547 3795 648 3871 Tr.;si
663 3795 702 3858 de
717 3797 865 3860 evidentia
878 3797 979 3859 credi·
1018 3802 1211 3881 quae'lucem
1227 3800 1359 3877 fastidit,
1381 3800 1418 3861 ab
1438 3799 1476 3860 iis
1493 3807 1608 3870 magno·

375 3875 501 3940 bilitatis
519 3897 555 3939 ac
580 3879 705 3960 proinde
730 3882 917 3960 extrinseca,
938 3883 977 3946 N.
1018 3903 1088 3966 pere
1108 3886 1311 3960 abhorreant3
1336 3892 1366 3946 at
1397 3883 1486 3966 culpa
1509 3895 1566 3941 non
1582 3872 1608 3932 in

377 3957 580 4022 hauddubie
608 3965 778 4026 necessario
809 3965 980 4028 intellectus
1018 3970 1135 4047 solem,
1161 3969 1214 4032 sed
1247 3969 1278 4030 in
1300 3967 1449 4031 infirmam
1475 3961 1608 4049 pupillam

377 4041 523 4104 adhaeret
534 4044 650 4106 veritati
663 4047 816 4110 evidenter
830 4050 977 4126 cognitae,
1019 4054 1208 4116 transfertur.

378 4144 440 4186 roon
455 4126 498 4188 ita
516 4145 598 4204 vero,
614 4147 680 4190 cum
697 4131 795 4206 agitur
808 4132 845 4193 de
862 4133 982 4194 eviden·
1060 4137 1134 4198 ill.
1153 4138 1198 4199 hd
1227 4138 1257 4198 l.
1278 4139 1317 4202 N.
1339 4135 1383 4199 nd
1412 4133 1609 4217 probationem

377 4209 420 4270 tia
437 4210 536 4272 solum
552 4211 773 4292 credibilitatis,
789 4233 866 4295 quac
884 4217 980 4278 relin-
1018 4229 1118 4284 autem
1138 4222 1325 4302 desumptam
1343 4239 1378 4284 ex
1396 4220 1498 4302 pueris
1517 4224 1546 4279 et
1562 4229 1610 4300 ruj

378 4291 446 4373 quit
471 4293 626 4356 veritatem
648 4296 679 4358 in
698 4316 754 4360 sua
784 4300 978 4362 obscuritate.
1018 4305 1119 4383 dibus,
1141 4308 1179 4369 D.
1199 4305 1261 4368 Nisi
1279 4306 1406 4369 istorum
1431 4297 1609 4386 incapacitatt

412 4442 451 4508 (l)
464 4443 505 4494 Cl.
521 4442 546 4494 Ι)
560 4447 615 4493 ideo
632 4451 824 4497 crtotlooadello
837 4450 927 4500 Gho‘eco
940 4467 982 4500 oo·
1053 4455 1091 4521 (5)
1101 4455 1141 4505 Cl.
1156 4454 1262 4506 Bosium
1279 4459 1307 4506 de
1324 4458 1399 4519 olonis
1416 4457 1536 4512 eccleciae,
1548 4436 1609 4513 q⁰⁰d

378 4517 463 4587 ceroto
482 4514 520 4561 uel
532 4511 710 4576 Cuttoltm'snom
729 4532 787 4581 cop.
801 4521 843 4578 2'0,
861 4534 939 4583 quern
952 4535 979 4568 e·
1019 4521 1125 4588 quidem
1142 4537 1208 4591 opus
1228 4521 1430 4577 eruditissimum
1442 4531 1480 4575 est
1500 4536 1528 4573 uc
1545 4506 1610 4567 ”¹⁶²

378 4576 700 4712 droppprrppftiippppppltddt,
709 4581 761 4634 vol.
774 4584 872 4636 din-ta
884 4603 970 4654 magn.
1020 4589 1092 4642 utile.
1109 4667 1133 4678 ..
