3700 5659
425 488 484 543 1⁰28
743 485 749 492 '
945 496 983 539 us
999 495 1068 540 rins

379 611 449 652 vcro
469 611 528 652 non
551 590 634 652 item.
667 589 709 650 be
734 589 865 651 essentia
897 587 979 650 blas·
1022 587 1134 650 iudicio
1147 587 1302 668 definitam
1322 593 1537 672 improbabilis,
1551 615 1621 676 qnae

380 678 508 757 phcmae
522 673 735 754 propositionis
749 684 805 750 cst,
820 673 980 752 utimpor·
1022 673 1104 734 nullo
1125 671 1297 754 Scripturas
1323 685 1374 737 ant
1394 678 1564 740 traditionis
1582 691 1622 741 tc-

381 768 422 830 tet
440 757 589 838 qnondam
606 758 852 834 derogationem,
884 756 980 818 utio—
1022 755 1175 834 stimonio,
1196 766 1249 819 aut
1272 759 1355 820 nulla
1390 761 1560 838 theologica
1577 783 1622 824 ra-

380 842 485 923 quitur
500 861 526 903 s.
546 840 699 919 Thomas,
726 841 854 903 alicuius
881 840 981 901 excel·
1022 839 1103 902 tione
1118 839 1234 902 nititur.
1251 841 1340 904 Falsa
1354 862 1372 904 a
1388 841 1542 907 nonnullis
1561 865 1622 926 pro·

380 926 472 987 lentis
490 925 653 1003 bonitatis,
673 933 703 988 et
725 925 886 1006 praecipue
903 923 980 985 divi-
1021 923 1130 1002 positio
1150 921 1270 1001 dicitur,
1292 936 1430 1008 quaeest
1449 927 1623 991 dissentiens

381 1028 438 1070 nae
450 1009 513 1089 (1).
1022 1006 1059 1066 ab
1080 1007 1281 1086 obiectosuo,
1313 1007 1366 1072 sed
1385 1009 1577 1074 dissensione
1590 1013 1622 1074 fi-

429 1094 503 1155 519.
520 1093 617 1172 Impia
630 1111 667 1154 ea
680 1091 789 1153 dicitur
805 1089 981 1171 propositio,
1022 1089 1070 1150 dei
1096 1090 1218 1152 nociva:
1253 1110 1314 1172 quo
1349 1111 1441 1156 sensu
1469 1114 1534 1156 non
1553 1107 1624 1158 esset

381 1195 460 1256 quae
478 1177 596 1258 pietatis
614 1194 705 1256 opera
724 1176 865 1255 deprimit
879 1191 913 1234 ac
933 1173 983 1235 de·
1022 1172 1136 1235 salsitas
1164 1183 1235 1236 nota
1266 1175 1433 1254 theologica
1470 1197 1488 1240 a
1521 1180 1622 1242 ceteris

379 1261 500 1342 pretiat,
513 1259 896 1321 debitnmscilicetcnttum
908 1255 981 1336 Deo,
1023 1257 1161 1337 specifice
1179 1257 1341 1338 distincta,
1362 1260 1415 1322 sed
1433 1270 1516 1324 esset
1536 1263 1624 1324 instar

381 1353 415 1405 nt
429 1363 570 1425 supremo
586 1343 720 1404 omnium
737 1351 871 1403 nostrum
888 1341 981 1422 patri,
1021 1341 1151 1420 generis,
1173 1360 1241 1404 cum
1258 1343 1355 1405 omnis
1374 1346 1542 1428 propositio
1563 1365 1624 1408 cen·

380 1427 527 1489 honorem
549 1426 724 1506 parentibus
746 1434 776 1488 et
800 1425 982 1500 consangui-
1022 1441 1093 1486 sura
1124 1433 1226 1488 notata
1257 1429 1428 1490 necessario
1458 1430 1539 1492 falsa
1563 1450 1623 1492 esse

381 1510 465 1586 neis,
493 1510 701 1590 superioribus
723 1529 758 1571 ac
782 1507 983 1570 benefactori·
1023 1506 1141 1570 debeat.
1173 1506 1271 1580 Quare
1302 1511 1341 1573 ab
1372 1511 1439 1574 aliis
1467 1513 1623 1576 definitur:

381 1593 440 1655 bus
458 1593 605 1673 obsequia
626 1601 655 1654 et
674 1593 803 1655 debitam
823 1591 983 1670 gratitudi-
1023 1608 1056 1654 eo
1069 1610 1144 1673 quoe
1154 1591 1347 1669 identitatem,
1359 1597 1622 1676 propinquitatem,

380 1695 451 1738 nem
470 1678 569 1738 aufert
588 1685 641 1738 aut
659 1677 768 1740 minuit
783 1677 843 1754 (Ξ).
867 1676 908 1738 hs
929 1677 984 1738 bac
1023 1685 1076 1738 out
1093 1679 1291 1741 necessariam
1318 1681 1540 1742 connexionem
1560 1684 1624 1744 dicit

382 1761 506 1822 notione
535 1770 635 1840 patet,
666 1761 899 1842 propositionem
923 1759 983 1820 im·
1023 1777 1090 1822 com
1106 1763 1308 1841 propositione
1324 1780 1462 1842 conpresso
1486 1766 1624 1828 domnum

383 1843 466 1925 piam
498 1843 590 1905 Deum
617 1844 763 1923 attingere
791 1844 848 1906 suh
867 1843 984 1906 ratione
1023 1853 1056 1906 nt
1075 1843 1222 1908 haeretico
1230 1869 1244 1920 ,·
1267 1863 1328 1926 quo
1347 1863 1439 1909 sensu
1459 1857 1543 1910 essct
1562 1858 1624 1910 nota

382 1928 501 1989 divinae
528 1928 734 2009 paternitatis,
765 1948 800 1990 ac
821 1927 984 1988 bonehcio-
1024 1927 1173 2009 specifica.
1676 1999 1677 2002 Ἴ

381 2029 449 2073 rum
468 2030 504 2073 es
522 2031 557 2072 ea
573 2011 661 2073 nobis
677 2011 930 2094 provenientium,
951 2030 985 2074 ac
1066 2011 1139 2072 521.
1155 2009 1295 2082 Quamvis
1307 2020 1419 2089 autem,
1437 2021 1470 2074 ut
1484 2011 1622 2090 diximus,

381 2114 437 2174 per
451 2095 510 2157 hoc
525 2095 695 2171 distinguis
708 2097 894 2181 blasphema,
908 2114 986 2174 quae
1025 2094 1123 2156 omnis
1141 2095 1305 2177 propositio
1323 2096 1464 2158 damnata
1482 2097 1562 2159 salsa
1579 2097 1621 2173 sit,

381 2178 475 2240 Deum
494 2179 587 2241 laedit
604 2180 661 2241 sub
685 2176 818 2241 ratioue‘
833 2178 983 2256 convicii,
1024 2196 1084 2240 non
1103 2186 1203 2240 tamen
1221 2197 1339 2260 semper
1358 2180 1433 2242 haec
1458 2189 1533 2242 nota
1552 2180 1621 2242 adii·

381 2262 445 2323 sive
459 2263 604 2342 simplicis
615 2263 677 2324 sive
692 2262 894 2330 haercticalis
911 2261 984 2324 Cum
1025 2261 1103 2324 citur
1120 2279 1282 2343 expresse,
1314 2262 1386 2344 quia
1404 2262 1442 2326 ad
1468 2263 1562 2326 finem
1581 2265 1622 2324 in-

381 2363 452 2406 vero
473 2345 619 2406 latissime
644 2355 744 2426 pateat
760 2347 878 2407 divinae
890 2354 987 2426 poter·
1027 2352 1141 2407 tentum
1159 2353 1280 2408 nonest
1301 2346 1482 2424 neccssaria,
1500 2347 1563 2410 nisi
1577 2347 1624 2408 ali·

382 2428 487 2490 nitatis
503 2429 591 2505 ratio,
613 2429 684 2490 hinc
700 2434 742 2506 fit,
762 2439 796 2491 ut
809 2429 919 2509 impiae
938 2428 986 2489 di·
1026 2447 1085 2508 qua
1103 2429 1264 2510 peculiaris
1278 2429 1354 2492 ratio
1369 2429 1399 2490 id
1415 2430 1514 2508 erigat
1525 2451 1533 2491 :
1546 2449 1624 2512 prae-

382 2520 490 2572 cantnr
537 2513 701 2588 generatim
745 2512 984 2594 propositiones,
1026 2511 1129 2574 sertim
1149 2531 1217 2574 cum
1248 2513 1369 2594 proprie
1391 2511 1534 2576 salsitatis
1561 2522 1624 2576 nota

383 2613 461 2675 qnae
476 2595 569 2656 Deum
587 2596 756 2676 impetunt,
775 2616 811 2658 ac
828 2595 913 2676 impii
932 2615 985 2656 vo·
1025 2597 1214 2658 consueverit
1232 2597 1372 2678 usurpari
1397 2597 1435 2658 ad
1467 2597 1630 2674 designari-⁴

383 2689 501 2755 centur,
518 2680 569 2759 qui
584 2681 758 2757 religionem
771 2679 985 2762 quoquomodo
1025 2679 1092 2740 dam
1113 2679 1268 2760 potissime
1286 2699 1366 2758 eam,
1389 2699 1467 2760 quae
1486 2681 1631 2744 adversa-⁴

385 2763 599 2839 aggrediuntur
613 2763 674 2845 (3).
819 2822 821 2827 ,
1025 2769 1074 2823 tur
1085 2763 1176 2824 alicui
1188 2763 1277 2842 sacto,
1291 2763 1378 2826 cuius
1393 2764 1436 2824 rei
1455 2766 1622 2845 exemplum

426 2847 499 2909 520.
524 2847 621 2928 Atque
640 2849 696 2910 hae
721 2847 987 2930 suntpraecipuae
1025 2847 1173 2908 habemus
1207 2847 1245 2908 tn
1284 2847 1489 2928 propositione
1523 2843 1630 2928 quarta

384 2939 486 3008 notae,
506 2932 617 3011 quibus
635 2932 802 3012 qualificari
825 2950 988 2994 consueve-
1025 2929 1153 2991 lansenii
1170 2929 1309 2992 damnata
1334 2931 1371 2992 ab
1393 2929 1569 2992 Innocentio
1585 2930 1621 2992 X:

384 3023 456 3076 runt
486 3016 728 3094 propositiones,
759 3017 826 3096 plus
851 3015 987 3076 minusa
1025 3013 1256 3095 Semipeioqimri
1286 3015 1483 3077 admittebant
1501 3032 1622 3094 procoe-

384 3106 467 3159 recto
485 3098 554 3158 fidei
572 3118 607 3160 ac
623 3119 740 3162 morum
760 3099 879 3161 tramite
897 3099 988 3160 defle·
1025 3097 1135 3160 nievctis
1152 3098 1269 3178 qratine
1297 3098 1452 3160 interioris
1468 3100 1623 3161 necessitu-

386 3189 514 3254 ctentes,
532 3189 594 3241 tum
614 3182 794 3258 aconcitiis,
819 3191 881 3243 tum
898 3203 916 3244 a
934 3200 986 3242 ro·
1026 3189 1094 3258 tem,
1117 3189 1145 3244 et
1162 3181 1196 3242 in
1214 3182 1267 3244 hoc
1280 3189 1367 3244 erunt
1385 3183 1539 3258 haeretiei,
1554 3182 1625 3261 qnod

386 3263 484 3324 manis
507 3263 711 3326 Pontificibus.
744 3265 814 3327 Post
838 3266 893 3326 has
910 3264 988 3328 aliae
1026 3265 1129 3326 uellem
1146 3281 1212 3326 eom
1244 3264 1332 3328 tatem
1349 3282 1435 3341 esse,
1463 3267 1513 3328 cui
1534 3272 1624 3345 posset

386 3347 488 3408 minus
502 3347 679 3428 praecipuae
692 3357 904 3423 recensentur,
931 3366 988 3408 cu·
1027 3348 1160 3410 humanu
1187 3347 1324 3410 coinntos
1347 3349 1485 3412 resistere
1514 3351 1562 3411 oet
1577 3349 1623 3410 ob·

385 3430 517 3493 insrnodi
536 3441 606 3493 sunt
624 3433 775 3496 iniurioso
806 3451 860 3494 seu
882 3439 988 3494 contu·
1029 3439 1203 3510 temperare.
1222 3429 1305 3502 Quae
1322 3431 1442 3512 quidem
1464 3431 1623 3514 propositio

387 3516 527 3590 meiioso,
559 3535 620 3595 qna
637 3516 728 3578 alicui
757 3516 802 3577 vel
828 3533 986 3596 personae,
1026 3513 1319 3595 praescriptaestuti
1332 3515 1622 3597 [olsoetboercticn

385 3601 433 3660 vet
447 3598 536 3662 statui
548 3600 659 3661 iniuria
672 3601 840 3676 irrogatur3
859 3601 988 3679 captioso
1027 3616 1136 3678 nempe
1166 3597 1243 3660 falsa
1282 3599 1382 3678 quoad
1407 3600 1544 3676 sactum,
1574 3616 1625 3660 seu

387 3703 465 3764 quae
489 3682 546 3745 sub
577 3684 676 3764 specie
703 3685 831 3764 quadam
853 3683 987 3744 veritatis
1027 3690 1142 3762 partem
1162 3681 1347 3760 historicam,
1368 3683 1513 3745 haeretico
1531 3680 1625 3762 quoad

378 3777 438 3828 rant
454 3767 573 3848 pietatis
588 3768 619 3827 in
641 3785 773 3829 errorem
789 3766 905 3828 inducit
917 3767 985 3847 (d);
1026 3765 1086 3843 ius,
1111 3783 1164 3827 seu
1181 3772 1296 3845 partem
1317 3765 1525 3828 doctrinalem.
1546 3764 1630 3828 Com-¹

378 3847 475 3913 'uerbo
494 3850 547 3914 Dei
567 3852 744 3928 contrario,
769 3869 847 3932 quae
870 3849 987 3911 veritati
1029 3847 1150 3910 munius
1169 3866 1250 3910 nunc
1264 3857 1418 3930 receptum
1433 3857 1490 3926 est,
1512 3856 1547 3910 ut
1561 3855 1631 3911 nota.

387 3933 508 4013 quidem
538 3935 686 3996 revelatae
714 3935 899 4016 opponitur,
935 3932 988 3995 sed
1028 3932 1166 3994 falsitatis
1184 3931 1622 4008 infligatnradversusfactum.

387 4017 520 4078 nondum
535 4026 569 4078 ut
586 4017 670 4080 tatia
686 4037 827 4098 supremo
843 4017 989 4080 ecclesiae
1070 4015 1191 4080 Ceteras
1229 4034 1372 4080 censuras
1400 4015 1527 4080 minoris
1562 4033 1623 4076 uro·

421 4213 460 4277 (t)
472 4213 532 4264 Luc.
544 4214 588 4264 cit.
602 4215 628 4263 in
641 4230 711 4280 corp.
1028 4222 1054 4265 et
1066 4213 1153 4265 stheus
1166 4213 1292 4280 practicus
1309 4229 1336 4264 sc
1348 4213 1523 4276 manifestant,
1535 4212 1624 4282 quiquo

422 4283 460 4348 (2)
491 4280 560 4332 'iotis
588 4291 625 4330 est
647 4283 732 4342 notio,
763 4299 839 4348 quum
864 4279 988 4332 eiusmodi
1028 4290 1089 4332 sunt
1117 4282 1143 4332 iu
1172 4282 1253 4348 peiori
1283 4281 1431 4333 conditione
1459 4298 1538 4350 quam
1568 4281 1628 4330 bae-¹

387 4349 569 4418 propositionis
584 4347 688 4399 exhibet
710 4348 786 4413 (lav-d,
812 4349 849 4400 Dc
872 4349 988 4408 Lauros,
1029 4347 1114 4402 retici.

388 4417 456 4486 disp.
471 4419 512 4469 td.
532 4419 568 4469 De
579 4432 677 4479 persor.
690 4422 712 4466 ct
728 4420 834 4482 doctrin.
847 4415 883 4467 De
894 4421 988 4466 borres.
1064 4415 1102 4481 (tv)
1131 4411 1202 4465 Talis
1229 4422 1268 4472 est
1293 4413 1435 4481 propositio
1458 4411 1507 4464 hoc
1525 4425 1624 4465 censura

388 4495 437 4536 ort.
450 4491 477 4546 2,
491 4501 565 4552 prop.
580 4491 605 4546 3,
623 4501 651 4536 n.
667 4487 693 4548 8,
708 4501 780 4551 seqq.
1030 4490 1115 4534 notata
1141 4482 1167 4532 in
1198 4481 1340 4533 Santarelio
1362 4481 1432 4532 circa
1457 4496 1519 4532 ann.
1545 4481 1620 4531 tddi:

421 4554 459 4620 (ὅ)
473 4554 510 4605 hc
523 4556 605 4619 reipsa
623 4560 753 4618 receptum
766 4558 805 4601 ost
822 4550 849 4601 in
861 4550 989 4602 communi
1033 4570 1044 4594 ι
1060 4551 1113 4600 hon
1132 4557 1170 4600 est
1189 4547 1377 4668 impendendus
1394 4547 1480 4600 cultus
1501 4544 1623 4618 religionis

388 4634 453 4684 usvv,
478 4629 506 4672 ut
531 4621 603 4688 impii
621 4635 761 4682 vocentur,
781 4621 826 4686 qui
844 4617 991 4670 incredulos
1029 4617 1124 4669 sanctis
1141 4618 1208 4668 sicut
1244 4633 1310 4668 eo.»
