<?xml version="1.0" encoding="UTF-8"?>
<!DOCTYPE html PUBLIC "-//W3C//DTD XHTML 1.0 Transitional//EN"
    "http://www.w3.org/TR/xhtml1/DTD/xhtml1-transitional.dtd">
<html xmlns="http://www.w3.org/1999/xhtml" xml:lang="en" lang="en">
 <head>
  <title>
</title>
<meta http-equiv="Content-Type" content="text/html;charset=utf-8" />
  <meta name='ocr-system' content='tesseract 3.04.00' />
  <meta name='ocr-capabilities' content='ocr_page ocr_carea ocr_par ocr_line ocrx_word'/>
</head>
<body>
  <div class='ocr_page' id='page_1' title='image "./praelectionesth09perrgoog/praelectionesth09perrgoog_0038.png"; bbox 0 0 3700 5659; ppageno 0'>
   <div class='ocr_carea' id='block_1_1' title="bbox 423 523 1070 612">
    <p class='ocr_par' dir='ltr' id='par_1_1' title="bbox 423 523 1070 612">
     <span class='ocr_line' id='line_1_1' title="bbox 423 523 1070 612; baseline -0.005 0"><span class='ocrx_word' id='word_1_1' title='bbox 423 549 464 612; x_wconf 73' lang='lat'><strong>26</strong></span> <span class='ocrx_word' id='word_1_2' title='bbox 945 523 984 607; x_wconf 81' lang='lat' dir='ltr'><strong>ba</strong></span> <span class='ocrx_word' id='word_1_3' title='bbox 1001 563 1070 609; x_wconf 79' lang='lat' dir='ltr'><strong>rius</strong></span> 
     </span>
    </p>
   </div>
   <div class='ocr_carea' id='block_1_2' title="bbox 278 647 1671 3680">
    <p class='ocr_par' dir='ltr' id='par_1_2' title="bbox 379 647 1620 1495">
     <span class='ocr_line' id='line_1_2' title="bbox 379 647 1615 742; baseline 0 -18"><span class='ocrx_word' id='word_1_4' title='bbox 379 663 411 724; x_wconf 83' lang='lat'><strong>3.</strong></span> <span class='ocrx_word' id='word_1_5' title='bbox 424 659 501 724; x_wconf 90' lang='lat' dir='ltr'><strong>Sane</strong></span> <span class='ocrx_word' id='word_1_6' title='bbox 517 658 543 722; x_wconf 91' lang='lat' dir='ltr'><strong>si</strong></span> <span class='ocrx_word' id='word_1_7' title='bbox 558 657 657 722; x_wconf 89' lang='lat' dir='ltr'><strong>adhuc</strong></span> <span class='ocrx_word' id='word_1_8' title='bbox 674 655 808 722; x_wconf 84' lang='lat' dir='ltr'><strong>Christus</strong></span> <span class='ocrx_word' id='word_1_9' title='bbox 824 656 981 720; x_wconf 89' lang='lat' dir='ltr'><strong>nobiscum</strong></span> <span class='ocrx_word' id='word_1_10' title='bbox 1066 657 1117 720; x_wconf 80' lang='lat' dir='ltr'><strong>st.</strong></span> <span class='ocrx_word' id='word_1_11' title='bbox 1151 657 1196 721; x_wconf 85' lang='lat' dir='ltr'><strong>hd</strong></span> <span class='ocrx_word' id='word_1_12' title='bbox 1214 657 1245 721; x_wconf 76' lang='lat'><strong>2.</strong></span> <span class='ocrx_word' id='word_1_13' title='bbox 1266 659 1340 742; x_wconf 79' lang='lat' dir='ltr'><strong>Nep.</strong></span> <span class='ocrx_word' id='word_1_14' title='bbox 1360 647 1435 723; x_wconf 83' lang='lat' dir='ltr'><strong>Nam</strong></span> <span class='ocrx_word' id='word_1_15' title='bbox 1469 661 1615 725; x_wconf 85' lang='lat' dir='ltr'><strong>nonbeue</strong></span> 
     </span>
     <span class='ocr_line' id='line_1_3' title="bbox 379 741 1618 825; baseline -0.002 -17"><span class='ocrx_word' id='word_1_16' title='bbox 379 751 638 819; x_wconf 81' lang='lat' dir='ltr'><strong>commoraretur,</strong></span> <span class='ocrx_word' id='word_1_17' title='bbox 661 761 776 823; x_wconf 86' lang='lat' dir='ltr'><strong>nosque</strong></span> <span class='ocrx_word' id='word_1_18' title='bbox 798 741 886 804; x_wconf 86' lang='lat' dir='ltr'><strong>iidem</strong></span> <span class='ocrx_word' id='word_1_19' title='bbox 906 741 982 803; x_wconf 93' lang='lat' dir='ltr'><strong>edo·</strong></span> <span class='ocrx_word' id='word_1_20' title='bbox 1023 759 1079 804; x_wconf 89' lang='lat' dir='ltr'><strong>nos</strong></span> <span class='ocrx_word' id='word_1_21' title='bbox 1090 741 1263 806; x_wconf 89' lang='lat' dir='ltr'><strong>immediate</strong></span> <span class='ocrx_word' id='word_1_22' title='bbox 1281 746 1459 825; x_wconf 80' lang='lat' dir='ltr'><strong>alloquitur,</strong></span> <span class='ocrx_word' id='word_1_23' title='bbox 1479 746 1529 807; x_wconf 90' lang='lat' dir='ltr'><strong>sed</strong></span> <span class='ocrx_word' id='word_1_24' title='bbox 1548 745 1618 808; x_wconf 88' lang='lat' dir='ltr'><strong>Seri·</strong></span> 
     </span>
     <span class='ocr_line' id='line_1_4' title="bbox 380 825 1615 912; baseline 0 -20"><span class='ocrx_word' id='word_1_25' title='bbox 380 837 472 906; x_wconf 91' lang='lat' dir='ltr'><strong>ceret,</strong></span> <span class='ocrx_word' id='word_1_26' title='bbox 492 827 639 910; x_wconf 88' lang='lat' dir='ltr'><strong>numquid</strong></span> <span class='ocrx_word' id='word_1_27' title='bbox 660 826 698 890; x_wconf 91' lang='lat' dir='ltr'><strong>ad</strong></span> <span class='ocrx_word' id='word_1_28' title='bbox 725 827 817 890; x_wconf 89' lang='lat' dir='ltr'><strong>alium</strong></span> <span class='ocrx_word' id='word_1_29' title='bbox 837 825 983 903; x_wconf 84' lang='lat' dir='ltr'><strong>conluge·</strong></span> <span class='ocrx_word' id='word_1_30' title='bbox 1023 833 1111 908; x_wconf 89' lang='lat' dir='ltr'><strong>ptura</strong></span> <span class='ocrx_word' id='word_1_31' title='bbox 1129 835 1228 905; x_wconf 91' lang='lat' dir='ltr'><strong>muta,</strong></span> <span class='ocrx_word' id='word_1_32' title='bbox 1250 847 1340 910; x_wconf 87' lang='lat' dir='ltr'><strong>quam</strong></span> <span class='ocrx_word' id='word_1_33' title='bbox 1359 835 1559 912; x_wconf 73' lang='lat' dir='ltr'><strong>protestantes</strong></span> <span class='ocrx_word' id='word_1_34' title='bbox 1576 849 1615 892; x_wconf 92' lang='lat' dir='ltr'><strong>re-</strong></span> 
     </span>
     <span class='ocr_line' id='line_1_5' title="bbox 380 908 1618 992; baseline -0.001 -18"><span class='ocrx_word' id='word_1_35' title='bbox 380 931 482 976; x_wconf 89' lang='lat' dir='ltr'><strong>remus</strong></span> <span class='ocrx_word' id='word_1_36' title='bbox 515 912 552 975; x_wconf 92' lang='lat' dir='ltr'><strong>ad</strong></span> <span class='ocrx_word' id='word_1_37' title='bbox 572 911 637 974; x_wconf 89' lang='lat' dir='ltr'><strong>eius</strong></span> <span class='ocrx_word' id='word_1_38' title='bbox 655 911 730 974; x_wconf 89' lang='lat' dir='ltr'><strong>scita</strong></span> <span class='ocrx_word' id='word_1_39' title='bbox 758 908 984 988; x_wconf 73' lang='lat' dir='ltr'><strong>intelligenda?</strong></span> <span class='ocrx_word' id='word_1_40' title='bbox 1023 911 1088 992; x_wconf 91' lang='lat' dir='ltr'><strong>ipsa</strong></span> <span class='ocrx_word' id='word_1_41' title='bbox 1106 929 1166 973; x_wconf 92' lang='lat' dir='ltr'><strong>non</strong></span> <span class='ocrx_word' id='word_1_42' title='bbox 1186 912 1298 974; x_wconf 89' lang='lat' dir='ltr'><strong>babent</strong></span> <span class='ocrx_word' id='word_1_43' title='bbox 1316 911 1374 974; x_wconf 89' lang='lat' dir='ltr'><strong>nisi</strong></span> <span class='ocrx_word' id='word_1_44' title='bbox 1390 912 1556 976; x_wconf 88' lang='lat' dir='ltr'><strong>ministerio</strong></span> <span class='ocrx_word' id='word_1_45' title='bbox 1571 914 1618 974; x_wconf 88' lang='lat' dir='ltr'><strong>ho·</strong></span> 
     </span>
     <span class='ocr_line' id='line_1_6' title="bbox 380 992 1618 1078; baseline -0.002 -19"><span class='ocrx_word' id='word_1_46' title='bbox 380 996 442 1059; x_wconf 90' lang='lat' dir='ltr'><strong>lam</strong></span> <span class='ocrx_word' id='word_1_47' title='bbox 459 1014 540 1073; x_wconf 84' lang='lat' dir='ltr'><strong>vero,</strong></span> <span class='ocrx_word' id='word_1_48' title='bbox 561 993 642 1076; x_wconf 91' lang='lat' dir='ltr'><strong>quod</strong></span> <span class='ocrx_word' id='word_1_49' title='bbox 655 993 790 1058; x_wconf 87' lang='lat' dir='ltr'><strong>Christus</strong></span> <span class='ocrx_word' id='word_1_50' title='bbox 807 993 921 1071; x_wconf 89' lang='lat' dir='ltr'><strong>docuit,</strong></span> <span class='ocrx_word' id='word_1_51' title='bbox 936 992 985 1054; x_wconf 90' lang='lat' dir='ltr'><strong>iit·</strong></span> <span class='ocrx_word' id='word_1_52' title='bbox 1024 993 1166 1074; x_wconf 88' lang='lat' dir='ltr'><strong>minum,</strong></span> <span class='ocrx_word' id='word_1_53' title='bbox 1192 996 1244 1078; x_wconf 93' lang='lat' dir='ltr'><strong>qui</strong></span> <span class='ocrx_word' id='word_1_54' title='bbox 1268 1015 1335 1059; x_wconf 90' lang='lat' dir='ltr'><strong>eam</strong></span> <span class='ocrx_word' id='word_1_55' title='bbox 1365 997 1499 1058; x_wconf 85' lang='lat' dir='ltr'><strong>rendunt</strong></span> <span class='ocrx_word' id='word_1_56' title='bbox 1522 997 1618 1059; x_wconf 86' lang='lat' dir='ltr'><strong>distri-</strong></span> 
     </span>
     <span class='ocr_line' id='line_1_7' title="bbox 382 1077 1619 1162; baseline -0.001 -20"><span class='ocrx_word' id='word_1_57' title='bbox 382 1081 453 1143; x_wconf 89' lang='lat' dir='ltr'><strong>teris</strong></span> <span class='ocrx_word' id='word_1_58' title='bbox 470 1079 677 1156; x_wconf 82' lang='lat' dir='ltr'><strong>consignatum</strong></span> <span class='ocrx_word' id='word_1_59' title='bbox 704 1086 771 1156; x_wconf 88' lang='lat' dir='ltr'><strong>est;</strong></span> <span class='ocrx_word' id='word_1_60' title='bbox 802 1077 874 1139; x_wconf 90' lang='lat' dir='ltr'><strong>satis</strong></span> <span class='ocrx_word' id='word_1_61' title='bbox 892 1077 985 1154; x_wconf 82' lang='lat' dir='ltr'><strong>igitur</strong></span> <span class='ocrx_word' id='word_1_62' title='bbox 1024 1078 1193 1160; x_wconf 86' lang='lat' dir='ltr'><strong>buuntque,</strong></span> <span class='ocrx_word' id='word_1_63' title='bbox 1218 1080 1619 1162; x_wconf 82' lang='lat' dir='ltr'><strong>omuiauctoritatepenitus</strong></span> 
     </span>
     <span class='ocr_line' id='line_1_8' title="bbox 381 1161 1620 1246; baseline -0.002 -20"><span class='ocrx_word' id='word_1_64' title='bbox 381 1163 468 1226; x_wconf 91' lang='lat' dir='ltr'><strong>nobis</strong></span> <span class='ocrx_word' id='word_1_65' title='bbox 486 1171 532 1226; x_wconf 90' lang='lat' dir='ltr'><strong>est</strong></span> <span class='ocrx_word' id='word_1_66' title='bbox 549 1161 719 1244; x_wconf 83' lang='lat' dir='ltr'><strong>Scripturas</strong></span> <span class='ocrx_word' id='word_1_67' title='bbox 736 1162 859 1239; x_wconf 85' lang='lat' dir='ltr'><strong>legere,</strong></span> <span class='ocrx_word' id='word_1_68' title='bbox 879 1169 912 1222; x_wconf 95' lang='lat' dir='ltr'><strong>ut</strong></span> <span class='ocrx_word' id='word_1_69' title='bbox 931 1178 985 1241; x_wconf 90' lang='lat' dir='ltr'><strong>per</strong></span> <span class='ocrx_word' id='word_1_70' title='bbox 1026 1163 1324 1246; x_wconf 79' lang='lat' dir='ltr'><strong>destitutilleusper</strong></span> <span class='ocrx_word' id='word_1_71' title='bbox 1337 1163 1497 1227; x_wconf 87' lang='lat' dir='ltr'><strong>ecclesiam</strong></span> <span class='ocrx_word' id='word_1_72' title='bbox 1509 1183 1561 1226; x_wconf 87' lang='lat' dir='ltr'><strong>ceu</strong></span> <span class='ocrx_word' id='word_1_73' title='bbox 1573 1183 1620 1246; x_wconf 87' lang='lat' dir='ltr'><strong>per</strong></span> 
     </span>
     <span class='ocr_line' id='line_1_9' title="bbox 382 1243 1616 1330; baseline -0.002 -20"><span class='ocrx_word' id='word_1_74' title='bbox 382 1247 581 1329; x_wconf 89' lang='lat' dir='ltr'><strong>nosmetipsos</strong></span> <span class='ocrx_word' id='word_1_75' title='bbox 611 1245 802 1321; x_wconf 92' lang='lat' dir='ltr'><strong>edoceamnr;</strong></span> <span class='ocrx_word' id='word_1_76' title='bbox 824 1245 855 1306; x_wconf 67' lang='lat' dir='ltr'><strong>al.</strong></span> <span class='ocrx_word' id='word_1_77' title='bbox 879 1243 937 1306; x_wconf 94' lang='lat' dir='ltr'><strong>hoc</strong></span> <span class='ocrx_word' id='word_1_78' title='bbox 955 1243 985 1305; x_wconf 89' lang='lat' dir='ltr'><strong>i·</strong></span> <span class='ocrx_word' id='word_1_79' title='bbox 1024 1247 1143 1310; x_wconf 87' lang='lat' dir='ltr'><strong>fidelem</strong></span> <span class='ocrx_word' id='word_1_80' title='bbox 1172 1248 1424 1329; x_wconf 87' lang='lat' dir='ltr'><strong>inlallibilemque</strong></span> <span class='ocrx_word' id='word_1_81' title='bbox 1451 1267 1616 1330; x_wconf 78' lang='lat' dir='ltr'><strong>praeconem</strong></span> 
     </span>
     <span class='ocr_line' id='line_1_10' title="bbox 381 1328 1620 1410; baseline -0.002 -16"><span class='ocrx_word' id='word_1_82' title='bbox 381 1333 461 1409; x_wconf 83' lang='lat' dir='ltr'><strong>gitur</strong></span> <span class='ocrx_word' id='word_1_83' title='bbox 475 1340 591 1394; x_wconf 90' lang='lat' dir='ltr'><strong>tantum</strong></span> <span class='ocrx_word' id='word_1_84' title='bbox 606 1329 769 1392; x_wconf 91' lang='lat' dir='ltr'><strong>catholicos</strong></span> <span class='ocrx_word' id='word_1_85' title='bbox 781 1328 859 1392; x_wconf 90' lang='lat' dir='ltr'><strong>inter</strong></span> <span class='ocrx_word' id='word_1_86' title='bbox 873 1336 904 1390; x_wconf 89' lang='lat' dir='ltr'><strong>ct</strong></span> <span class='ocrx_word' id='word_1_87' title='bbox 917 1347 985 1410; x_wconf 91' lang='lat' dir='ltr'><strong>pro·</strong></span> <span class='ocrx_word' id='word_1_88' title='bbox 1024 1332 1197 1394; x_wconf 88' lang='lat' dir='ltr'><strong>authentico</strong></span> <span class='ocrx_word' id='word_1_89' title='bbox 1232 1351 1299 1395; x_wconf 88' lang='lat' dir='ltr'><strong>eam</strong></span> <span class='ocrx_word' id='word_1_90' title='bbox 1327 1332 1417 1394; x_wconf 92' lang='lat' dir='ltr'><strong>nobis</strong></span> <span class='ocrx_word' id='word_1_91' title='bbox 1456 1331 1544 1394; x_wconf 83' lang='lat' dir='ltr'><strong>tradit</strong></span> <span class='ocrx_word' id='word_1_92' title='bbox 1567 1351 1620 1392; x_wconf 83' lang='lat' dir='ltr'><strong>una</strong></span> 
     </span>
     <span class='ocr_line' id='line_1_11' title="bbox 382 1411 1461 1495; baseline -0.002 -17"><span class='ocrx_word' id='word_1_93' title='bbox 382 1423 525 1478; x_wconf 88' lang='lat' dir='ltr'><strong>testantes</strong></span> <span class='ocrx_word' id='word_1_94' title='bbox 542 1413 700 1476; x_wconf 85' lang='lat' dir='ltr'><strong>intercedit</strong></span> <span class='ocrx_word' id='word_1_95' title='bbox 714 1412 887 1487; x_wconf 78' lang='lat' dir='ltr'><strong>discrimen,</strong></span> <span class='ocrx_word' id='word_1_96' title='bbox 904 1411 986 1493; x_wconf 93' lang='lat' dir='ltr'><strong>quod</strong></span> <span class='ocrx_word' id='word_1_97' title='bbox 1025 1435 1094 1478; x_wconf 91' lang='lat' dir='ltr'><strong>cum</strong></span> <span class='ocrx_word' id='word_1_98' title='bbox 1114 1434 1255 1495; x_wconf 77' lang='lat' dir='ltr'><strong>germano</strong></span> <span class='ocrx_word' id='word_1_99' title='bbox 1272 1417 1338 1478; x_wconf 90' lang='lat' dir='ltr'><strong>eius</strong></span> <span class='ocrx_word' id='word_1_100' title='bbox 1355 1435 1461 1478; x_wconf 88' lang='lat' dir='ltr'><strong>seusu.</strong></span> 
     </span>
    </p>

    <p class='ocr_par' dir='ltr' id='par_1_3' title="bbox 383 1495 1623 2590">
     <span class='ocr_line' id='line_1_12' title="bbox 383 1495 1619 1581; baseline -0.002 -20"><span class='ocrx_word' id='word_1_101' title='bbox 383 1499 433 1561; x_wconf 90' lang='lat' dir='ltr'><strong>isti</strong></span> <span class='ocrx_word' id='word_1_102' title='bbox 463 1496 637 1561; x_wconf 88' lang='lat' dir='ltr'><strong>immediato</strong></span> <span class='ocrx_word' id='word_1_103' title='bbox 658 1496 807 1558; x_wconf 88' lang='lat' dir='ltr'><strong>Christum</strong></span> <span class='ocrx_word' id='word_1_104' title='bbox 834 1495 983 1572; x_wconf 89' lang='lat' dir='ltr'><strong>audiant,</strong></span> <span class='ocrx_word' id='word_1_105' title='bbox 1068 1501 1120 1561; x_wconf 88' lang='lat'><strong>85.</strong></span> <span class='ocrx_word' id='word_1_106' title='bbox 1142 1499 1187 1562; x_wconf 84' lang='lat' dir='ltr'><strong>hd</strong></span> <span class='ocrx_word' id='word_1_107' title='bbox 1205 1501 1235 1562; x_wconf 88' lang='lat'><strong>3.</strong></span> <span class='ocrx_word' id='word_1_108' title='bbox 1267 1503 1305 1564; x_wconf 82' lang='lat' dir='ltr'><strong>h.</strong></span> <span class='ocrx_word' id='word_1_109' title='bbox 1325 1498 1357 1562; x_wconf 90' lang='lat' dir='ltr'><strong>Si</strong></span> <span class='ocrx_word' id='word_1_110' title='bbox 1387 1500 1517 1581; x_wconf 88' lang='lat' dir='ltr'><strong>ipsemet</strong></span> <span class='ocrx_word' id='word_1_111' title='bbox 1540 1497 1619 1561; x_wconf 85' lang='lat' dir='ltr'><strong>Chri-</strong></span> 
     </span>
     <span class='ocr_line' id='line_1_13' title="bbox 383 1579 1619 1662; baseline -0.003 -17"><span class='ocrx_word' id='word_1_112' title='bbox 383 1583 422 1644; x_wconf 91' lang='lat' dir='ltr'><strong>ab</strong></span> <span class='ocrx_word' id='word_1_113' title='bbox 441 1600 538 1662; x_wconf 90' lang='lat' dir='ltr'><strong>eoque</strong></span> <span class='ocrx_word' id='word_1_114' title='bbox 558 1579 660 1642; x_wconf 89' lang='lat' dir='ltr'><strong>radios</strong></span> <span class='ocrx_word' id='word_1_115' title='bbox 680 1579 747 1642; x_wconf 88' lang='lat' dir='ltr'><strong>luco</strong></span> <span class='ocrx_word' id='word_1_116' title='bbox 763 1587 792 1641; x_wconf 90' lang='lat' dir='ltr'><strong>et</strong></span> <span class='ocrx_word' id='word_1_117' title='bbox 807 1580 906 1641; x_wconf 88' lang='lat' dir='ltr'><strong>calore</strong></span> <span class='ocrx_word' id='word_1_118' title='bbox 925 1579 986 1640; x_wconf 86' lang='lat' dir='ltr'><strong>lul·</strong></span> <span class='ocrx_word' id='word_1_119' title='bbox 1026 1591 1091 1645; x_wconf 92' lang='lat' dir='ltr'><strong>stus</strong></span> <span class='ocrx_word' id='word_1_120' title='bbox 1109 1584 1174 1646; x_wconf 86' lang='lat' dir='ltr'><strong>vira</strong></span> <span class='ocrx_word' id='word_1_121' title='bbox 1196 1603 1251 1646; x_wconf 91' lang='lat' dir='ltr'><strong>nos</strong></span> <span class='ocrx_word' id='word_1_122' title='bbox 1274 1603 1346 1646; x_wconf 84' lang='lat' dir='ltr'><strong>voce</strong></span> <span class='ocrx_word' id='word_1_123' title='bbox 1368 1583 1512 1661; x_wconf 87' lang='lat' dir='ltr'><strong>doceret,</strong></span> <span class='ocrx_word' id='word_1_124' title='bbox 1533 1583 1578 1657; x_wconf 64' lang='lat' dir='ltr'><strong>ca</strong></span> <span class='ocrx_word' id='word_1_125' title='bbox 1598 1581 1619 1642; x_wconf 89' lang='lat' dir='ltr'><strong>si</strong></span> 
     </span>
     <span class='ocr_line' id='line_1_14' title="bbox 383 1663 1619 1744; baseline -0.002 -16"><span class='ocrx_word' id='word_1_126' title='bbox 383 1673 487 1744; x_wconf 81' lang='lat' dir='ltr'><strong>gentes</strong></span> <span class='ocrx_word' id='word_1_127' title='bbox 501 1663 652 1741; x_wconf 86' lang='lat' dir='ltr'><strong>hauriant,</strong></span> <span class='ocrx_word' id='word_1_128' title='bbox 668 1663 738 1725; x_wconf 92' lang='lat' dir='ltr'><strong>dum</strong></span> <span class='ocrx_word' id='word_1_129' title='bbox 750 1663 806 1741; x_wconf 91' lang='lat' dir='ltr'><strong>illi,</strong></span> <span class='ocrx_word' id='word_1_130' title='bbox 822 1681 987 1744; x_wconf 89' lang='lat' dir='ltr'><strong>nempeca-</strong></span> <span class='ocrx_word' id='word_1_131' title='bbox 1027 1668 1101 1729; x_wconf 89' lang='lat' dir='ltr'><strong>solis</strong></span> <span class='ocrx_word' id='word_1_132' title='bbox 1119 1667 1343 1731; x_wconf 82' lang='lat' dir='ltr'><strong>characteribus</strong></span> <span class='ocrx_word' id='word_1_133' title='bbox 1362 1666 1503 1741; x_wconf 83' lang='lat' dir='ltr'><strong>mortuis,</strong></span> <span class='ocrx_word' id='word_1_134' title='bbox 1516 1669 1553 1732; x_wconf 89' lang='lat' dir='ltr'><strong>N.</strong></span> <span class='ocrx_word' id='word_1_135' title='bbox 1568 1665 1619 1726; x_wconf 88' lang='lat' dir='ltr'><strong>lan</strong></span> 
     </span>
     <span class='ocr_line' id='line_1_15' title="bbox 385 1747 1619 1828; baseline -0.006 -16"><span class='ocrx_word' id='word_1_136' title='bbox 385 1749 511 1828; x_wconf 92' lang='lat' dir='ltr'><strong>tholici,</strong></span> <span class='ocrx_word' id='word_1_137' title='bbox 531 1747 652 1810; x_wconf 90' lang='lat' dir='ltr'><strong>nonnisi</strong></span> <span class='ocrx_word' id='word_1_138' title='bbox 680 1747 781 1809; x_wconf 88' lang='lat' dir='ltr'><strong>radios</strong></span> <span class='ocrx_word' id='word_1_139' title='bbox 809 1748 936 1809; x_wconf 88' lang='lat' dir='ltr'><strong>rellexos</strong></span> <span class='ocrx_word' id='word_1_140' title='bbox 957 1755 988 1808; x_wconf 89' lang='lat' dir='ltr'><strong>ot</strong></span> <span class='ocrx_word' id='word_1_141' title='bbox 1027 1769 1097 1813; x_wconf 78' lang='lat' dir='ltr'><strong>nero</strong></span> <span class='ocrx_word' id='word_1_142' title='bbox 1114 1751 1193 1814; x_wconf 78' lang='lat' dir='ltr'><strong>inter</strong></span> <span class='ocrx_word' id='word_1_143' title='bbox 1211 1751 1270 1814; x_wconf 84' lang='lat' dir='ltr'><strong>duo</strong></span> <span class='ocrx_word' id='word_1_144' title='bbox 1286 1752 1360 1814; x_wconf 73' lang='lat' dir='ltr'><strong>haec</strong></span> <span class='ocrx_word' id='word_1_145' title='bbox 1379 1751 1464 1816; x_wconf 72' lang='lat' dir='ltr'><strong>nulla</strong></span> <span class='ocrx_word' id='word_1_146' title='bbox 1473 1749 1619 1825; x_wconf 66' lang='lat' dir='ltr'><strong>intercedit</strong></span> 
     </span>
     <span class='ocr_line' id='line_1_16' title="bbox 384 1829 1621 1916; baseline -0.003 -21"><span class='ocrx_word' id='word_1_147' title='bbox 384 1833 612 1910; x_wconf 87' lang='lat' dir='ltr'><strong>intermortuos,</strong></span> <span class='ocrx_word' id='word_1_148' title='bbox 626 1845 680 1893; x_wconf 89' lang='lat' dir='ltr'><strong>seu</strong></span> <span class='ocrx_word' id='word_1_149' title='bbox 694 1831 754 1898; x_wconf 80' lang='lat' dir='ltr'><strong>rita</strong></span> <span class='ocrx_word' id='word_1_150' title='bbox 772 1829 988 1892; x_wconf 84' lang='lat' dir='ltr'><strong>destitutosin·</strong></span> <span class='ocrx_word' id='word_1_151' title='bbox 1028 1835 1151 1916; x_wconf 89' lang='lat' dir='ltr'><strong>paritas.</strong></span> <span class='ocrx_word' id='word_1_152' title='bbox 1171 1833 1203 1898; x_wconf 84' lang='lat' dir='ltr'><strong>Si</strong></span> <span class='ocrx_word' id='word_1_153' title='bbox 1230 1835 1310 1898; x_wconf 88' lang='lat' dir='ltr'><strong>enim</strong></span> <span class='ocrx_word' id='word_1_154' title='bbox 1338 1855 1394 1898; x_wconf 88' lang='lat' dir='ltr'><strong>nos</strong></span> <span class='ocrx_word' id='word_1_155' title='bbox 1426 1835 1621 1916; x_wconf 88' lang='lat' dir='ltr'><strong>deciperemur</strong></span> 
     </span>
     <span class='ocr_line' id='line_1_17' title="bbox 384 1913 1620 2002; baseline -0.003 -23"><span class='ocrx_word' id='word_1_156' title='bbox 384 1918 422 1980; x_wconf 90' lang='lat' dir='ltr'><strong>de</strong></span> <span class='ocrx_word' id='word_1_157' title='bbox 441 1917 585 1980; x_wconf 87' lang='lat' dir='ltr'><strong>derivant.</strong></span> <span class='ocrx_word' id='word_1_158' title='bbox 607 1916 638 1976; x_wconf 90' lang='lat'><strong>5.</strong></span> <span class='ocrx_word' id='word_1_159' title='bbox 659 1913 797 1976; x_wconf 80' lang='lat' dir='ltr'><strong>Absurde</strong></span> <span class='ocrx_word' id='word_1_160' title='bbox 815 1923 916 1977; x_wconf 87' lang='lat' dir='ltr'><strong>autem</strong></span> <span class='ocrx_word' id='word_1_161' title='bbox 935 1933 988 1976; x_wconf 87' lang='lat' dir='ltr'><strong>ca·</strong></span> <span class='ocrx_word' id='word_1_162' title='bbox 1027 1919 1059 1979; x_wconf 93' lang='lat' dir='ltr'><strong>in</strong></span> <span class='ocrx_word' id='word_1_163' title='bbox 1079 1919 1144 1982; x_wconf 87' lang='lat' dir='ltr'><strong>eius</strong></span> <span class='ocrx_word' id='word_1_164' title='bbox 1161 1938 1253 1982; x_wconf 88' lang='lat' dir='ltr'><strong>sensu</strong></span> <span class='ocrx_word' id='word_1_165' title='bbox 1270 1921 1473 2002; x_wconf 89' lang='lat' dir='ltr'><strong>assequendo,</strong></span> <span class='ocrx_word' id='word_1_166' title='bbox 1493 1919 1556 2002; x_wconf 88' lang='lat' dir='ltr'><strong>ipse</strong></span> <span class='ocrx_word' id='word_1_167' title='bbox 1572 1934 1620 1976; x_wconf 91' lang='lat' dir='ltr'><strong>no·</strong></span> 
     </span>
     <span class='ocr_line' id='line_1_18' title="bbox 385 1997 1618 2084; baseline -0.005 -20"><span class='ocrx_word' id='word_1_168' title='bbox 385 2001 848 2080; x_wconf 83' lang='lat' dir='ltr'><strong>tboliciarguuntprotestantes,</strong></span> <span class='ocrx_word' id='word_1_169' title='bbox 864 1997 989 2080; x_wconf 89' lang='lat' dir='ltr'><strong>perinde</strong></span> <span class='ocrx_word' id='word_1_170' title='bbox 1029 2002 1076 2065; x_wconf 91' lang='lat' dir='ltr'><strong>bis</strong></span> <span class='ocrx_word' id='word_1_171' title='bbox 1100 2021 1233 2066; x_wconf 89' lang='lat' dir='ltr'><strong>errorem</strong></span> <span class='ocrx_word' id='word_1_172' title='bbox 1263 2004 1442 2084; x_wconf 82' lang='lat' dir='ltr'><strong>detegeret,</strong></span> <span class='ocrx_word' id='word_1_173' title='bbox 1469 2018 1618 2080; x_wconf 87' lang='lat' dir='ltr'><strong>rerumque</strong></span> 
     </span>
     <span class='ocr_line' id='line_1_19' title="bbox 385 2082 1616 2167; baseline -0.005 -19"><span class='ocrx_word' id='word_1_174' title='bbox 385 2085 457 2148; x_wconf 89' lang='lat' dir='ltr'><strong>acsi</strong></span> <span class='ocrx_word' id='word_1_175' title='bbox 476 2085 535 2166; x_wconf 91' lang='lat' dir='ltr'><strong>ipsi</strong></span> <span class='ocrx_word' id='word_1_176' title='bbox 556 2083 663 2145; x_wconf 90' lang='lat' dir='ltr'><strong>incerti</strong></span> <span class='ocrx_word' id='word_1_177' title='bbox 678 2091 779 2145; x_wconf 90' lang='lat' dir='ltr'><strong>essent</strong></span> <span class='ocrx_word' id='word_1_178' title='bbox 797 2092 859 2145; x_wconf 93' lang='lat' dir='ltr'><strong>tum</strong></span> <span class='ocrx_word' id='word_1_179' title='bbox 875 2082 912 2144; x_wconf 93' lang='lat' dir='ltr'><strong>de</strong></span> <span class='ocrx_word' id='word_1_180' title='bbox 930 2082 991 2144; x_wconf 83' lang='lat' dir='ltr'><strong>exi·</strong></span> <span class='ocrx_word' id='word_1_181' title='bbox 1029 2089 1189 2150; x_wconf 84' lang='lat' dir='ltr'><strong>verborum</strong></span> <span class='ocrx_word' id='word_1_182' title='bbox 1207 2107 1331 2150; x_wconf 88' lang='lat' dir='ltr'><strong>snorum</strong></span> <span class='ocrx_word' id='word_1_183' title='bbox 1351 2107 1475 2151; x_wconf 89' lang='lat' dir='ltr'><strong>sensum</strong></span> <span class='ocrx_word' id='word_1_184' title='bbox 1492 2084 1616 2167; x_wconf 86' lang='lat' dir='ltr'><strong>aperiret,</strong></span> 
     </span>
     <span class='ocr_line' id='line_1_20' title="bbox 385 2166 1622 2254; baseline -0.006 -23"><span class='ocrx_word' id='word_1_185' title='bbox 385 2169 512 2246; x_wconf 81' lang='lat' dir='ltr'><strong>stantia,</strong></span> <span class='ocrx_word' id='word_1_186' title='bbox 530 2177 593 2230; x_wconf 92' lang='lat' dir='ltr'><strong>tum</strong></span> <span class='ocrx_word' id='word_1_187' title='bbox 614 2167 651 2229; x_wconf 88' lang='lat' dir='ltr'><strong>de</strong></span> <span class='ocrx_word' id='word_1_188' title='bbox 668 2166 865 2250; x_wconf 84' lang='lat' dir='ltr'><strong>inspiratione</strong></span> <span class='ocrx_word' id='word_1_189' title='bbox 890 2185 992 2228; x_wconf 89' lang='lat' dir='ltr'><strong>sacro-</strong></span> <span class='ocrx_word' id='word_1_190' title='bbox 1031 2171 1286 2254; x_wconf 85' lang='lat' dir='ltr'><strong>quemadmodum</strong></span> <span class='ocrx_word' id='word_1_191' title='bbox 1314 2172 1436 2254; x_wconf 88' lang='lat' dir='ltr'><strong>saepius</strong></span> <span class='ocrx_word' id='word_1_192' title='bbox 1481 2166 1622 2249; x_wconf 77' lang='lat' dir='ltr'><strong>discipulis</strong></span> 
     </span>
     <span class='ocr_line' id='line_1_21' title="bbox 386 2250 1621 2338; baseline -0.002 -25"><span class='ocrx_word' id='word_1_193' title='bbox 386 2269 490 2314; x_wconf 88' lang='lat' dir='ltr'><strong>rorum</strong></span> <span class='ocrx_word' id='word_1_194' title='bbox 509 2251 685 2328; x_wconf 89' lang='lat' dir='ltr'><strong>bibliorum,</strong></span> <span class='ocrx_word' id='word_1_195' title='bbox 702 2269 770 2312; x_wconf 88' lang='lat' dir='ltr'><strong>cum</strong></span> <span class='ocrx_word' id='word_1_196' title='bbox 790 2251 865 2312; x_wconf 90' lang='lat' dir='ltr'><strong>haec</strong></span> <span class='ocrx_word' id='word_1_197' title='bbox 884 2250 991 2312; x_wconf 92' lang='lat' dir='ltr'><strong>admit·</strong></span> <span class='ocrx_word' id='word_1_198' title='bbox 1031 2256 1096 2317; x_wconf 90' lang='lat' dir='ltr'><strong>suis</strong></span> <span class='ocrx_word' id='word_1_199' title='bbox 1111 2256 1239 2338; x_wconf 91' lang='lat' dir='ltr'><strong>aperuit;</strong></span> <span class='ocrx_word' id='word_1_200' title='bbox 1260 2265 1365 2318; x_wconf 89' lang='lat' dir='ltr'><strong>contra</strong></span> <span class='ocrx_word' id='word_1_201' title='bbox 1382 2275 1454 2319; x_wconf 82' lang='lat' dir='ltr'><strong>nero</strong></span> <span class='ocrx_word' id='word_1_202' title='bbox 1467 2254 1494 2317; x_wconf 93' lang='lat' dir='ltr'><strong>si</strong></span> <span class='ocrx_word' id='word_1_203' title='bbox 1512 2271 1563 2314; x_wconf 92' lang='lat' dir='ltr'><strong>nos</strong></span> <span class='ocrx_word' id='word_1_204' title='bbox 1575 2251 1621 2311; x_wconf 90' lang='lat' dir='ltr'><strong>de-</strong></span> 
     </span>
     <span class='ocr_line' id='line_1_22' title="bbox 387 2333 1623 2422; baseline -0.004 -24"><span class='ocrx_word' id='word_1_205' title='bbox 387 2343 451 2398; x_wconf 89' lang='lat' dir='ltr'><strong>tant</strong></span> <span class='ocrx_word' id='word_1_206' title='bbox 477 2334 629 2396; x_wconf 91' lang='lat' dir='ltr'><strong>communi</strong></span> <span class='ocrx_word' id='word_1_207' title='bbox 648 2353 717 2395; x_wconf 89' lang='lat' dir='ltr'><strong>cum</strong></span> <span class='ocrx_word' id='word_1_208' title='bbox 743 2333 898 2395; x_wconf 88' lang='lat' dir='ltr'><strong>catholicis</strong></span> <span class='ocrx_word' id='word_1_209' title='bbox 916 2352 992 2394; x_wconf 92' lang='lat' dir='ltr'><strong>con·</strong></span> <span class='ocrx_word' id='word_1_210' title='bbox 1031 2340 1162 2422; x_wconf 75' lang='lat' dir='ltr'><strong>cipintur</strong></span> <span class='ocrx_word' id='word_1_211' title='bbox 1184 2340 1216 2402; x_wconf 91' lang='lat' dir='ltr'><strong>in</strong></span> <span class='ocrx_word' id='word_1_212' title='bbox 1244 2339 1444 2420; x_wconf 83' lang='lat' dir='ltr'><strong>intelligentia</strong></span> <span class='ocrx_word' id='word_1_213' title='bbox 1465 2337 1623 2418; x_wconf 85' lang='lat' dir='ltr'><strong>Scriptura·</strong></span> 
     </span>
     <span class='ocr_line' id='line_1_23' title="bbox 388 2416 1621 2502; baseline -0.002 -21"><span class='ocrx_word' id='word_1_214' title='bbox 388 2438 501 2493; x_wconf 89' lang='lat' dir='ltr'><strong>sensu‚</strong></span> <span class='ocrx_word' id='word_1_215' title='bbox 522 2437 619 2498; x_wconf 88' lang='lat' dir='ltr'><strong>eaque</strong></span> <span class='ocrx_word' id='word_1_216' title='bbox 646 2418 691 2479; x_wconf 92' lang='lat' dir='ltr'><strong>uti</strong></span> <span class='ocrx_word' id='word_1_217' title='bbox 709 2416 808 2480; x_wconf 83' lang='lat' dir='ltr'><strong>diuina</strong></span> <span class='ocrx_word' id='word_1_218' title='bbox 827 2418 992 2498; x_wconf 80' lang='lat' dir='ltr'><strong>profiteant-</strong></span> <span class='ocrx_word' id='word_1_219' title='bbox 1032 2443 1123 2502; x_wconf 91' lang='lat' dir='ltr'><strong>rum,</strong></span> <span class='ocrx_word' id='word_1_220' title='bbox 1143 2425 1200 2486; x_wconf 91' lang='lat' dir='ltr'><strong>hae</strong></span> <span class='ocrx_word' id='word_1_221' title='bbox 1228 2443 1285 2486; x_wconf 90' lang='lat' dir='ltr'><strong>nos</strong></span> <span class='ocrx_word' id='word_1_222' title='bbox 1302 2423 1334 2486; x_wconf 94' lang='lat' dir='ltr'><strong>in</strong></span> <span class='ocrx_word' id='word_1_223' title='bbox 1365 2442 1470 2486; x_wconf 89' lang='lat' dir='ltr'><strong>errore</strong></span> <span class='ocrx_word' id='word_1_224' title='bbox 1492 2439 1527 2484; x_wconf 89' lang='lat' dir='ltr'><strong>ac</strong></span> <span class='ocrx_word' id='word_1_225' title='bbox 1544 2419 1621 2481; x_wconf 91' lang='lat' dir='ltr'><strong>dece-</strong></span> 
     </span>
     <span class='ocr_line' id='line_1_24' title="bbox 392 2501 1544 2590; baseline 0.001 -21"><span class='ocrx_word' id='word_1_226' title='bbox 392 2511 441 2565; x_wconf 81' lang='lat' dir='ltr'><strong>tur</strong></span> <span class='ocrx_word' id='word_1_227' title='bbox 464 2503 525 2584; x_wconf 81' lang='grc'>(1).</span> <span class='ocrx_word' id='word_1_228' title='bbox 546 2501 635 2579; x_wconf 79' lang='lat' dir='ltr'><strong>Ergo·</strong></span> <span class='ocrx_word' id='word_1_229' title='bbox 1033 2508 1135 2590; x_wconf 92' lang='lat' dir='ltr'><strong>ptione</strong></span> <span class='ocrx_word' id='word_1_230' title='bbox 1154 2507 1340 2589; x_wconf 89' lang='lat' dir='ltr'><strong>relinquunt.</strong></span> <span class='ocrx_word' id='word_1_231' title='bbox 1541 2545 1544 2550; x_wconf 96' lang='lat'>-</span> 
     </span>
    </p>

    <p class='ocr_par' dir='ltr' id='par_1_4' title="bbox 391 2582 1626 3338">
     <span class='ocr_line' id='line_1_25' title="bbox 435 2582 1625 2673; baseline -0.004 -21"><span class='ocrx_word' id='word_1_232' title='bbox 435 2587 487 2654; x_wconf 87' lang='grc'><strong>83.</strong></span> <span class='ocrx_word' id='word_1_233' title='bbox 509 2585 599 2667; x_wconf 88' lang='lat' dir='ltr'><strong>Resp.</strong></span> <span class='ocrx_word' id='word_1_234' title='bbox 620 2584 658 2647; x_wconf 88' lang='lat' dir='ltr'><strong>ad</strong></span> <span class='ocrx_word' id='word_1_235' title='bbox 681 2583 705 2646; x_wconf 88' lang='grc' dir='ltr'><strong>Ι.</strong></span> <span class='ocrx_word' id='word_1_236' title='bbox 725 2583 760 2645; x_wconf 91' lang='lat' dir='ltr'><strong>N.</strong></span> <span class='ocrx_word' id='word_1_237' title='bbox 780 2582 940 2666; x_wconf 83' lang='lat' dir='ltr'><strong>Nunquam</strong></span> <span class='ocrx_word' id='word_1_238' title='bbox 959 2603 994 2647; x_wconf 87' lang='lat' dir='ltr'><strong>e·</strong></span> <span class='ocrx_word' id='word_1_239' title='bbox 1076 2595 1129 2655; x_wconf 86' lang='grc'><strong>86.</strong></span> <span class='ocrx_word' id='word_1_240' title='bbox 1149 2592 1193 2654; x_wconf 84' lang='lat' dir='ltr'><strong>hd</strong></span> <span class='ocrx_word' id='word_1_241' title='bbox 1211 2593 1242 2654; x_wconf 80' lang='lat' dir='ltr'><strong>l.</strong></span> <span class='ocrx_word' id='word_1_242' title='bbox 1256 2593 1293 2657; x_wconf 88' lang='lat' dir='ltr'><strong>D.</strong></span> <span class='ocrx_word' id='word_1_243' title='bbox 1312 2591 1625 2673; x_wconf 87' lang='lat' dir='ltr'><strong>liauriuntprotestan·</strong></span> 
     </span>
     <span class='ocr_line' id='line_1_26' title="bbox 391 2667 1623 2751; baseline -0.004 -19"><span class='ocrx_word' id='word_1_244' title='bbox 391 2670 454 2732; x_wconf 90' lang='lat' dir='ltr'><strong>nim</strong></span> <span class='ocrx_word' id='word_1_245' title='bbox 471 2689 506 2733; x_wconf 91' lang='lat' dir='ltr'><strong>ac</strong></span> <span class='ocrx_word' id='word_1_246' title='bbox 527 2668 665 2751; x_wconf 87' lang='lat' dir='ltr'><strong>nuspiam</strong></span> <span class='ocrx_word' id='word_1_247' title='bbox 684 2667 819 2732; x_wconf 83' lang='lat' dir='ltr'><strong>Christus</strong></span> <span class='ocrx_word' id='word_1_248' title='bbox 837 2668 925 2730; x_wconf 90' lang='lat' dir='ltr'><strong>nobis</strong></span> <span class='ocrx_word' id='word_1_249' title='bbox 944 2668 993 2731; x_wconf 92' lang='lat' dir='ltr'><strong>bi·</strong></span> <span class='ocrx_word' id='word_1_250' title='bbox 1035 2685 1079 2739; x_wconf 77' lang='lat' dir='ltr'><strong>tes</strong></span> <span class='ocrx_word' id='word_1_251' title='bbox 1097 2677 1174 2738; x_wconf 79' lang='lat' dir='ltr'><strong>lucis</strong></span> <span class='ocrx_word' id='word_1_252' title='bbox 1192 2677 1292 2739; x_wconf 70' lang='lat' dir='ltr'><strong>fatuae</strong></span> <span class='ocrx_word' id='word_1_253' title='bbox 1310 2676 1412 2738; x_wconf 71' lang='lat' dir='ltr'><strong>radios</strong></span> <span class='ocrx_word' id='word_1_254' title='bbox 1426 2677 1520 2737; x_wconf 80' lang='lat' dir='ltr'><strong>immo</strong></span> <span class='ocrx_word' id='word_1_255' title='bbox 1534 2681 1561 2734; x_wconf 84' lang='lat' dir='ltr'><strong>et</strong></span> <span class='ocrx_word' id='word_1_256' title='bbox 1573 2678 1623 2731; x_wconf 90' lang='lat' dir='ltr'><strong>tor·</strong></span> 
     </span>
     <span class='ocr_line' id='line_1_27' title="bbox 392 2751 1624 2838; baseline -0.006 -22"><span class='ocrx_word' id='word_1_257' title='bbox 392 2754 454 2817; x_wconf 92' lang='lat' dir='ltr'><strong>blia</strong></span> <span class='ocrx_word' id='word_1_258' title='bbox 473 2754 517 2817; x_wconf 93' lang='lat' dir='ltr'><strong>uti</strong></span> <span class='ocrx_word' id='word_1_259' title='bbox 546 2753 762 2816; x_wconf 88' lang='lat' dir='ltr'><strong>credendorum</strong></span> <span class='ocrx_word' id='word_1_260' title='bbox 793 2751 927 2835; x_wconf 78' lang='lat' dir='ltr'><strong>regulam</strong></span> <span class='ocrx_word' id='word_1_261' title='bbox 956 2772 996 2815; x_wconf 89' lang='lat' dir='ltr'><strong>ac</strong></span> <span class='ocrx_word' id='word_1_262' title='bbox 1035 2769 1135 2823; x_wconf 82' lang='lat' dir='ltr'><strong>rantes</strong></span> <span class='ocrx_word' id='word_1_263' title='bbox 1154 2762 1203 2838; x_wconf 79' lang='lat' dir='ltr'><strong>c.;</strong></span> <span class='ocrx_word' id='word_1_264' title='bbox 1222 2779 1310 2824; x_wconf 81' lang='lat' dir='ltr'><strong>rarae</strong></span> <span class='ocrx_word' id='word_1_265' title='bbox 1328 2760 1416 2837; x_wconf 88' lang='lat' dir='ltr'><strong>lueis,</strong></span> <span class='ocrx_word' id='word_1_266' title='bbox 1438 2761 1479 2825; x_wconf 88' lang='lat' dir='ltr'><strong>N.</strong></span> <span class='ocrx_word' id='word_1_267' title='bbox 1496 2751 1624 2835; x_wconf 85' lang='lat' dir='ltr'><strong>Alioquin</strong></span> 
     </span>
     <span class='ocr_line' id='line_1_28' title="bbox 392 2835 1621 2927; baseline 0.001 -27"><span class='ocrx_word' id='word_1_268' title='bbox 392 2857 531 2902; x_wconf 89' lang='lat' dir='ltr'><strong>normam</strong></span> <span class='ocrx_word' id='word_1_269' title='bbox 555 2837 704 2920; x_wconf 89' lang='lat' dir='ltr'><strong>praebuit.</strong></span> <span class='ocrx_word' id='word_1_270' title='bbox 723 2835 883 2917; x_wconf 90' lang='lat' dir='ltr'><strong>Nunquam</strong></span> <span class='ocrx_word' id='word_1_271' title='bbox 904 2835 995 2918; x_wconf 88' lang='lat' dir='ltr'><strong>quid·</strong></span> <span class='ocrx_word' id='word_1_272' title='bbox 1036 2845 1094 2909; x_wconf 92' lang='lat' dir='ltr'><strong>nisi</strong></span> <span class='ocrx_word' id='word_1_273' title='bbox 1112 2845 1311 2908; x_wconf 91' lang='lat' dir='ltr'><strong>illuderentur</strong></span> <span class='ocrx_word' id='word_1_274' title='bbox 1325 2845 1381 2907; x_wconf 94' lang='lat' dir='ltr'><strong>bac</strong></span> <span class='ocrx_word' id='word_1_275' title='bbox 1400 2836 1621 2927; x_wconf 70' lang='lat' dir='ltr'><strong>deceptionem</strong></span> 
     </span>
     <span class='ocr_line' id='line_1_29' title="bbox 394 2921 1623 3010; baseline -0.005 -26"><span class='ocrx_word' id='word_1_276' title='bbox 394 2923 473 3004; x_wconf 83' lang='lat' dir='ltr'><strong>piam</strong></span> <span class='ocrx_word' id='word_1_277' title='bbox 492 2923 538 2985; x_wconf 77' lang='lat' dir='ltr'><strong>vel</strong></span> <span class='ocrx_word' id='word_1_278' title='bbox 556 2923 620 3005; x_wconf 81' lang='lat' dir='ltr'><strong>ipse</strong></span> <span class='ocrx_word' id='word_1_279' title='bbox 638 2921 769 3003; x_wconf 73' lang='lat' dir='ltr'><strong>scripslt3</strong></span> <span class='ocrx_word' id='word_1_280' title='bbox 786 2921 997 3002; x_wconf 77' lang='lat' dir='ltr'><strong>VelApostolis</strong></span> <span class='ocrx_word' id='word_1_281' title='bbox 1036 2949 1114 3010; x_wconf 76' lang='lat' dir='ltr'><strong>pene</strong></span> <span class='ocrx_word' id='word_1_282' title='bbox 1142 2929 1318 2992; x_wconf 80' lang='lat' dir='ltr'><strong>innumeros</strong></span> <span class='ocrx_word' id='word_1_283' title='bbox 1341 2947 1462 2992; x_wconf 69' lang='lat' dir='ltr'><strong>errores</strong></span> <span class='ocrx_word' id='word_1_284' title='bbox 1494 2929 1623 3009; x_wconf 70' lang='lat' dir='ltr'><strong>perpellit}</strong></span> 
     </span>
     <span class='ocr_line' id='line_1_30' title="bbox 393 3003 1620 3095; baseline -0.003 -26"><span class='ocrx_word' id='word_1_285' title='bbox 393 3015 423 3069; x_wconf 92' lang='lat' dir='ltr'><strong>et</strong></span> <span class='ocrx_word' id='word_1_286' title='bbox 459 3006 615 3088; x_wconf 90' lang='lat' dir='ltr'><strong>discipulis</strong></span> <span class='ocrx_word' id='word_1_287' title='bbox 637 3005 700 3067; x_wconf 91' lang='lat' dir='ltr'><strong>suis</strong></span> <span class='ocrx_word' id='word_1_288' title='bbox 732 3003 843 3067; x_wconf 88' lang='lat' dir='ltr'><strong>librum</strong></span> <span class='ocrx_word' id='word_1_289' title='bbox 863 3005 996 3086; x_wconf 88' lang='lat' dir='ltr'><strong>aliquem</strong></span> <span class='ocrx_word' id='word_1_290' title='bbox 1037 3034 1097 3076; x_wconf 91' lang='lat' dir='ltr'><strong>non</strong></span> <span class='ocrx_word' id='word_1_291' title='bbox 1115 3014 1302 3076; x_wconf 85' lang='lat' dir='ltr'><strong>laberentur.</strong></span> <span class='ocrx_word' id='word_1_292' title='bbox 1332 3013 1472 3095; x_wconf 90' lang='lat' dir='ltr'><strong>ipsorum</strong></span> <span class='ocrx_word' id='word_1_293' title='bbox 1490 3006 1620 3075; x_wconf 90' lang='lat' dir='ltr'><strong>historia,</strong></span> 
     </span>
     <span class='ocr_line' id='line_1_31' title="bbox 395 3088 1626 3178; baseline -0.011 -13"><span class='ocrx_word' id='word_1_294' title='bbox 395 3110 518 3153; x_wconf 66' lang='lat' dir='ltr'><strong>exarare</strong></span> <span class='ocrx_word' id='word_1_295' title='bbox 536 3089 698 3170; x_wconf 59' lang='lat' dir='ltr'><strong>praecepisti</strong></span> <span class='ocrx_word' id='word_1_296' title='bbox 719 3088 772 3150; x_wconf 73' lang='lat' dir='ltr'><strong>sed</strong></span> <span class='ocrx_word' id='word_1_297' title='bbox 788 3089 901 3150; x_wconf 54' lang='lat' dir='ltr'><strong>malem</strong></span> <span class='ocrx_word' id='word_1_298' title='bbox 919 3097 950 3150; x_wconf 74' lang='grc' dir='ltr'><strong>θῑ</strong></span> <span class='ocrx_word' id='word_1_299' title='bbox 967 3108 998 3151; x_wconf 66' lang='lat' dir='ltr'><strong>a·</strong></span> <span class='ocrx_word' id='word_1_300' title='bbox 1037 3106 1187 3160; x_wconf 88' lang='lat' dir='ltr'><strong>sectarum</strong></span> <span class='ocrx_word' id='word_1_301' title='bbox 1203 3097 1377 3175; x_wconf 82' lang='lat' dir='ltr'><strong>divisiones,</strong></span> <span class='ocrx_word' id='word_1_302' title='bbox 1394 3092 1573 3178; x_wconf 80' lang='lat' dir='ltr'><strong>experientia</strong></span> <span class='ocrx_word' id='word_1_303' title='bbox 1587 3089 1626 3148; x_wconf 83' lang='lat' dir='ltr'><strong>iu·</strong></span> 
     </span>
     <span class='ocr_line' id='line_1_32' title="bbox 395 3171 1623 3261; baseline -0.003 -27"><span class='ocrx_word' id='word_1_304' title='bbox 395 3175 605 3236; x_wconf 90' lang='lat' dir='ltr'><strong>croamaticam</strong></span> <span class='ocrx_word' id='word_1_305' title='bbox 628 3171 701 3253; x_wconf 89' lang='lat' dir='ltr'><strong>ipsis</strong></span> <span class='ocrx_word' id='word_1_306' title='bbox 719 3171 871 3232; x_wconf 88' lang='lat' dir='ltr'><strong>commisit</strong></span> <span class='ocrx_word' id='word_1_307' title='bbox 888 3171 999 3233; x_wconf 89' lang='lat' dir='ltr'><strong>instra·</strong></span> <span class='ocrx_word' id='word_1_308' title='bbox 1037 3181 1083 3257; x_wconf 78' lang='lat' dir='ltr'><strong>gis</strong></span> <span class='ocrx_word' id='word_1_309' title='bbox 1098 3190 1131 3256; x_wconf 15' lang='lat' dir='ltr'><strong>‘et</strong></span> <span class='ocrx_word' id='word_1_310' title='bbox 1150 3181 1324 3261; x_wconf 69' lang='lat' dir='ltr'><strong>quotidiana</strong></span> <span class='ocrx_word' id='word_1_311' title='bbox 1345 3182 1489 3244; x_wconf 70' lang='lat' dir='ltr'><strong>refellunt</strong></span> <span class='ocrx_word' id='word_1_312' title='bbox 1505 3178 1623 3239; x_wconf 75' lang='lat' dir='ltr'><strong>eiusmo-</strong></span> 
     </span>
     <span class='ocr_line' id='line_1_33' title="bbox 395 3256 1624 3338; baseline -0.003 -20"><span class='ocrx_word' id='word_1_313' title='bbox 395 3257 525 3319; x_wconf 90' lang='lat' dir='ltr'><strong>ctionem</strong></span> <span class='ocrx_word' id='word_1_314' title='bbox 548 3256 738 3338; x_wconf 90' lang='lat' dir='ltr'><strong>populorum:</strong></span> <span class='ocrx_word' id='word_1_315' title='bbox 759 3257 873 3317; x_wconf 72' lang='lat' dir='ltr'><strong>Eurotas</strong></span> <span class='ocrx_word' id='word_1_316' title='bbox 887 3256 997 3334; x_wconf 83' lang='lat' dir='ltr'><strong>docete,</strong></span> <span class='ocrx_word' id='word_1_317' title='bbox 1039 3265 1069 3326; x_wconf 87' lang='lat' dir='ltr'><strong>di</strong></span> <span class='ocrx_word' id='word_1_318' title='bbox 1098 3273 1315 3327; x_wconf 75' lang='lat' dir='ltr'><strong>commentum,</strong></span> <span class='ocrx_word' id='word_1_319' title='bbox 1335 3263 1427 3328; x_wconf 74' lang='lat' dir='ltr'><strong>Plena</strong></span> <span class='ocrx_word' id='word_1_320' title='bbox 1453 3261 1522 3327; x_wconf 79' lang='lat' dir='ltr'><strong>fidei</strong></span> <span class='ocrx_word' id='word_1_321' title='bbox 1544 3256 1624 3322; x_wconf 86' lang='lat' dir='ltr'><strong>arnis·</strong></span> 
     </span>
    </p>

    <p class='ocr_par' dir='ltr' id='par_1_5' title="bbox 278 3335 1671 3693">
     <span class='ocr_line' id='line_1_34' title="bbox 278 3335 1671 3430; baseline -0.006 -28"><span class='ocrx_word' id='word_1_322' title='bbox 278 3352 283 3358; x_wconf 87' lang='grc'><em>·</em></span> <span class='ocrx_word' id='word_1_323' title='bbox 395 3341 437 3402; x_wconf 89' lang='lat' dir='ltr'><strong>ait</strong></span> <span class='ocrx_word' id='word_1_324' title='bbox 453 3341 526 3414; x_wconf 89' lang='lat' dir='ltr'><strong>illis,</strong></span> <span class='ocrx_word' id='word_1_325' title='bbox 547 3357 608 3399; x_wconf 92' lang='lat' dir='ltr'><strong>non</strong></span> <span class='ocrx_word' id='word_1_326' title='bbox 631 3345 731 3400; x_wconf 89' lang='lat' dir='ltr'><strong>autem</strong></span> <span class='ocrx_word' id='word_1_327' title='bbox 751 3337 896 3413; x_wconf 90' lang='lat' dir='ltr'><strong>scribite;</strong></span> <span class='ocrx_word' id='word_1_328' title='bbox 918 3338 998 3400; x_wconf 91' lang='lat' dir='ltr'><strong>alio·</strong></span> <span class='ocrx_word' id='word_1_329' title='bbox 1039 3348 1233 3411; x_wconf 62' lang='lat' dir='ltr'><strong>simorum</strong></span> <span class='ocrx_word' id='word_1_330' title='bbox 1252 3358 1396 3425; x_wconf 65' lang='lat' dir='ltr'><strong>monstra,</strong></span> <span class='ocrx_word' id='word_1_331' title='bbox 1414 3335 1624 3430; x_wconf 69' lang='lat' dir='ltr'><strong>quaeprolessi</strong></span> <span class='ocrx_word' id='word_1_332' title='bbox 1670 3376 1671 3405; x_wconf 65' lang='lat'><strong>,</strong></span> 
     </span>
     <span class='ocr_line' id='line_1_35' title="bbox 396 3420 1671 3516; baseline -0.002 -32"><span class='ocrx_word' id='word_1_333' title='bbox 396 3424 470 3504; x_wconf 92' lang='lat' dir='ltr'><strong>quin</strong></span> <span class='ocrx_word' id='word_1_334' title='bbox 490 3422 639 3485; x_wconf 84' lang='lat' dir='ltr'><strong>officinam</strong></span> <span class='ocrx_word' id='word_1_335' title='bbox 656 3421 694 3484; x_wconf 93' lang='lat' dir='ltr'><strong>ad</strong></span> <span class='ocrx_word' id='word_1_336' title='bbox 710 3420 924 3502; x_wconf 89' lang='lat' dir='ltr'><strong>imprimendos</strong></span> <span class='ocrx_word' id='word_1_337' title='bbox 936 3423 1001 3484; x_wconf 86' lang='lat' dir='ltr'><strong>nui·</strong></span> <span class='ocrx_word' id='word_1_338' title='bbox 1040 3441 1109 3494; x_wconf 77' lang='lat' dir='ltr'><strong>sunt</strong></span> <span class='ocrx_word' id='word_1_339' title='bbox 1123 3451 1158 3495; x_wconf 69' lang='lat' dir='ltr'><strong>ae</strong></span> <span class='ocrx_word' id='word_1_340' title='bbox 1172 3435 1350 3516; x_wconf 69' lang='lat' dir='ltr'><strong>profitentur</strong></span> <span class='ocrx_word' id='word_1_341' title='bbox 1363 3440 1570 3514; x_wconf 68' lang='lat' dir='ltr'><strong>protestantes,</strong></span> <span class='ocrx_word' id='word_1_342' title='bbox 1582 3439 1626 3483; x_wconf 93' lang='lat' dir='ltr'><strong>no·</strong></span> <span class='ocrx_word' id='word_1_343' title='bbox 1670 3420 1671 3513; x_wconf 50' lang='grc' dir='ltr'>ᾗ</span> 
     </span>
     <span class='ocr_line' id='line_1_36' title="bbox 395 3504 1671 3599; baseline -0.005 -29"><span class='ocrx_word' id='word_1_344' title='bbox 395 3507 570 3590; x_wconf 81' lang='lat' dir='ltr'><strong>gandosque</strong></span> <span class='ocrx_word' id='word_1_345' title='bbox 588 3505 683 3568; x_wconf 87' lang='lat' dir='ltr'><strong>libros</strong></span> <span class='ocrx_word' id='word_1_346' title='bbox 700 3504 891 3584; x_wconf 90' lang='lat' dir='ltr'><strong>instituisset,</strong></span> <span class='ocrx_word' id='word_1_347' title='bbox 912 3506 1002 3568; x_wconf 86' lang='lat' dir='ltr'><strong>lecis-</strong></span> <span class='ocrx_word' id='word_1_348' title='bbox 1041 3516 1087 3579; x_wconf 84' lang='lat' dir='ltr'><strong>bis</strong></span> <span class='ocrx_word' id='word_1_349' title='bbox 1106 3517 1265 3599; x_wconf 80' lang='lat' dir='ltr'><strong>aperiunt,</strong></span> <span class='ocrx_word' id='word_1_350' title='bbox 1287 3536 1365 3599; x_wconf 87' lang='lat' dir='ltr'><strong>quae</strong></span> <span class='ocrx_word' id='word_1_351' title='bbox 1386 3518 1429 3579; x_wconf 90' lang='lat' dir='ltr'><strong>sit</strong></span> <span class='ocrx_word' id='word_1_352' title='bbox 1443 3517 1539 3578; x_wconf 85' lang='lat' dir='ltr'><strong>virtus</strong></span> <span class='ocrx_word' id='word_1_353' title='bbox 1556 3508 1623 3572; x_wconf 89' lang='lat' dir='ltr'><strong>eius·</strong></span> <span class='ocrx_word' id='word_1_354' title='bbox 1670 3518 1671 3577; x_wconf 63' lang='lat' dir='ltr'><strong>t</strong></span> 
     </span>
     <span class='ocr_line' id='line_1_37' title="bbox 396 3589 1624 3680; baseline -0.005 -26"><span class='ocrx_word' id='word_1_355' title='bbox 396 3601 441 3654; x_wconf 87' lang='lat' dir='ltr'><strong>set</strong></span> <span class='ocrx_word' id='word_1_356' title='bbox 460 3611 511 3654; x_wconf 91' lang='lat' dir='ltr'><strong>eos</strong></span> <span class='ocrx_word' id='word_1_357' title='bbox 531 3589 653 3653; x_wconf 89' lang='lat' dir='ltr'><strong>totidem</strong></span> <span class='ocrx_word' id='word_1_358' title='bbox 675 3589 872 3671; x_wconf 69' lang='lat' dir='ltr'><strong>typographos</strong></span> <span class='ocrx_word' id='word_1_359' title='bbox 894 3609 929 3653; x_wconf 91' lang='lat' dir='ltr'><strong>ac</strong></span> <span class='ocrx_word' id='word_1_360' title='bbox 950 3590 1000 3652; x_wconf 92' lang='lat' dir='ltr'><strong>bi·</strong></span> <span class='ocrx_word' id='word_1_361' title='bbox 1040 3601 1122 3662; x_wconf 78' lang='lat' dir='ltr'><strong>m0di</strong></span> <span class='ocrx_word' id='word_1_362' title='bbox 1150 3603 1287 3664; x_wconf 68' lang='lat' dir='ltr'><strong>fictorum</strong></span> <span class='ocrx_word' id='word_1_363' title='bbox 1318 3601 1472 3664; x_wconf 64' lang='lat' dir='ltr'><strong>radiorum</strong></span> <span class='ocrx_word' id='word_1_364' title='bbox 1504 3594 1624 3680; x_wconf 69' lang='lat' dir='ltr'><strong>tutisque</strong></span> 
     </span>
    </p>
   </div>
   <div class='ocr_carea' id='block_1_3' title="bbox 396 3673 1626 3835">
    <p class='ocr_par' dir='ltr' id='par_1_6' title="bbox 396 3673 1626 3835">
     <span class='ocr_line' id='line_1_38' title="bbox 398 3673 1625 3758; baseline -0.007 -20"><span class='ocrx_word' id='word_1_365' title='bbox 398 3675 556 3758; x_wconf 88' lang='lat' dir='ltr'><strong>bliopolas.</strong></span> <span class='ocrx_word' id='word_1_366' title='bbox 591 3673 718 3756; x_wconf 88' lang='lat' dir='ltr'><strong>Insuper</strong></span> <span class='ocrx_word' id='word_1_367' title='bbox 753 3673 848 3736; x_wconf 91' lang='lat' dir='ltr'><strong>biblia</strong></span> <span class='ocrx_word' id='word_1_368' title='bbox 878 3674 999 3756; x_wconf 91' lang='lat' dir='ltr'><strong>quidem</strong></span> <span class='ocrx_word' id='word_1_369' title='bbox 1042 3685 1231 3748; x_wconf 69' lang='lat' dir='ltr'><strong>torrentium,</strong></span> <span class='ocrx_word' id='word_1_370' title='bbox 1257 3685 1380 3748; x_wconf 64' lang='lat' dir='ltr'><strong>Interim</strong></span> <span class='ocrx_word' id='word_1_371' title='bbox 1399 3681 1560 3756; x_wconf 62' lang='lat' dir='ltr'><strong>cathttptci,</strong></span> <span class='ocrx_word' id='word_1_372' title='bbox 1582 3689 1625 3754; x_wconf 80' lang='lat' dir='ltr'><strong>qut</strong></span> 
     </span>
     <span class='ocr_line' id='line_1_39' title="bbox 396 3745 1626 3835; baseline -0.011 -3"><span class='ocrx_word' id='word_1_373' title='bbox 396 3761 551 3822; x_wconf 67' lang='lat' dir='ltr'><strong>continere</strong></span> <span class='ocrx_word' id='word_1_374' title='bbox 586 3759 712 3822; x_wconf 68' lang='lat' dir='ltr'><strong>verbum</strong></span> <span class='ocrx_word' id='word_1_375' title='bbox 741 3745 821 3832; x_wconf 66' lang='lat' dir='ltr'><strong>Dei,</strong></span> <span class='ocrx_word' id='word_1_376' title='bbox 849 3757 997 3835; x_wconf 62' lang='lat' dir='ltr'><strong>fatemur,</strong></span> <span class='ocrx_word' id='word_1_377' title='bbox 1041 3788 1101 3832; x_wconf 91' lang='lat' dir='ltr'><strong>non</strong></span> <span class='ocrx_word' id='word_1_378' title='bbox 1119 3768 1263 3832; x_wconf 88' lang='lat' dir='ltr'><strong>hauriunt</strong></span> <span class='ocrx_word' id='word_1_379' title='bbox 1280 3769 1339 3832; x_wconf 91' lang='lat' dir='ltr'><strong>nisi</strong></span> <span class='ocrx_word' id='word_1_380' title='bbox 1356 3769 1458 3830; x_wconf 89' lang='lat' dir='ltr'><strong>radios</strong></span> <span class='ocrx_word' id='word_1_381' title='bbox 1475 3759 1626 3830; x_wconf 77' lang='lat' dir='ltr'><strong>aeternat</strong></span> 
     </span>
    </p>
   </div>
   <div class='ocr_carea' id='block_1_4' title="bbox 397 3841 1624 3931">
    <p class='ocr_par' dir='ltr' id='par_1_7' title="bbox 397 3841 1624 3931">
     <span class='ocr_line' id='line_1_40' title="bbox 397 3841 1624 3931; baseline -0.005 -16"><span class='ocrx_word' id='word_1_382' title='bbox 397 3853 492 3908; x_wconf 77' lang='lat' dir='ltr'><strong>lotum</strong></span> <span class='ocrx_word' id='word_1_383' title='bbox 505 3853 606 3906; x_wconf 74' lang='lat' dir='ltr'><strong>autem</strong></span> <span class='ocrx_word' id='word_1_384' title='bbox 622 3842 676 3904; x_wconf 69' lang='lat' dir='ltr'><strong>Dei</strong></span> <span class='ocrx_word' id='word_1_385' title='bbox 687 3841 826 3915; x_wconf 63' lang='lat' dir='ltr'><strong>verbum,</strong></span> <span class='ocrx_word' id='word_1_386' title='bbox 841 3859 999 3921; x_wconf 62' lang='lat' dir='ltr'><strong>negamus·</strong></span> <span class='ocrx_word' id='word_1_387' title='bbox 1041 3852 1267 3931; x_wconf 88' lang='lat' dir='ltr'><strong>intermortuos,</strong></span> <span class='ocrx_word' id='word_1_388' title='bbox 1287 3852 1459 3921; x_wconf 80' lang='lat' dir='ltr'><strong>adeolirmi</strong></span> <span class='ocrx_word' id='word_1_389' title='bbox 1480 3852 1512 3914; x_wconf 94' lang='lat' dir='ltr'><strong>in</strong></span> <span class='ocrx_word' id='word_1_390' title='bbox 1528 3863 1580 3910; x_wconf 81' lang='lat' dir='ltr'><strong>suo</strong></span> <span class='ocrx_word' id='word_1_391' title='bbox 1594 3841 1624 3900; x_wconf 83' lang='lat' dir='ltr'><strong>fi·</strong></span> 
     </span>
    </p>
   </div>
   <div class='ocr_carea' id='block_1_5' title="bbox 398 3921 1625 4101">
    <p class='ocr_par' dir='ltr' id='par_1_8' title="bbox 398 3921 1625 4101">
     <span class='ocr_line' id='line_1_41' title="bbox 398 3921 1625 4018; baseline -0.007 -29"><span class='ocrx_word' id='word_1_392' title='bbox 398 3927 555 4008; x_wconf 89' lang='lat' dir='ltr'><strong>Siquidem</strong></span> <span class='ocrx_word' id='word_1_393' title='bbox 574 3944 629 3988; x_wconf 92' lang='lat' dir='ltr'><strong>nos</strong></span> <span class='ocrx_word' id='word_1_394' title='bbox 658 3932 777 4006; x_wconf 86' lang='lat' dir='ltr'><strong>praeter</strong></span> <span class='ocrx_word' id='word_1_395' title='bbox 798 3924 852 3987; x_wconf 89' lang='lat' dir='ltr'><strong>Ilei</strong></span> <span class='ocrx_word' id='word_1_396' title='bbox 877 3927 1001 3988; x_wconf 85' lang='lat' dir='ltr'><strong>verbum</strong></span> <span class='ocrx_word' id='word_1_397' title='bbox 1041 3936 1078 3998; x_wconf 69' lang='lat' dir='ltr'><strong>da</strong></span> <span class='ocrx_word' id='word_1_398' title='bbox 1095 3945 1177 4015; x_wconf 67' lang='lat' dir='ltr'><strong>sunt,</strong></span> <span class='ocrx_word' id='word_1_399' title='bbox 1196 3945 1230 3999; x_wconf 77' lang='lat' dir='ltr'><strong>ut</strong></span> <span class='ocrx_word' id='word_1_400' title='bbox 1251 3936 1399 4018; x_wconf 70' lang='lat' dir='ltr'><strong>myriades</strong></span> <span class='ocrx_word' id='word_1_401' title='bbox 1417 3921 1625 4015; x_wconf 68' lang='lat' dir='ltr'><strong>mat-tyrannos·</strong></span> 
     </span>
     <span class='ocr_line' id='line_1_42' title="bbox 398 4007 1624 4101; baseline -0.007 -29"><span class='ocrx_word' id='word_1_402' title='bbox 398 4012 543 4092; x_wconf 89' lang='lat' dir='ltr'><strong>scriptum</strong></span> <span class='ocrx_word' id='word_1_403' title='bbox 560 4017 697 4071; x_wconf 87' lang='lat' dir='ltr'><strong>tenemus</strong></span> <span class='ocrx_word' id='word_1_404' title='bbox 711 4008 800 4070; x_wconf 89' lang='lat' dir='ltr'><strong>etiam</strong></span> <span class='ocrx_word' id='word_1_405' title='bbox 812 4008 937 4070; x_wconf 81' lang='lat' dir='ltr'><strong>verbum</strong></span> <span class='ocrx_word' id='word_1_406' title='bbox 948 4007 1002 4071; x_wconf 87' lang='lat' dir='ltr'><strong>Dei</strong></span> <span class='ocrx_word' id='word_1_407' title='bbox 1041 4021 1139 4081; x_wconf 71' lang='lat' dir='ltr'><strong>serant</strong></span> <span class='ocrx_word' id='word_1_408' title='bbox 1157 4020 1403 4101; x_wconf 78' lang='lat' dir='ltr'><strong>protestantibus,</strong></span> <span class='ocrx_word' id='word_1_409' title='bbox 1415 4020 1534 4100; x_wconf 84' lang='lat' dir='ltr'><strong>quince</strong></span> <span class='ocrx_word' id='word_1_410' title='bbox 1545 4019 1624 4074; x_wconf 88' lang='lat' dir='ltr'><strong>unum</strong></span> 
     </span>
    </p>
   </div>
   <div class='ocr_carea' id='block_1_6' title="bbox 399 4095 1670 4186">
    <p class='ocr_par' dir='ltr' id='par_1_9' title="bbox 399 4095 1670 4186">
     <span class='ocr_line' id='line_1_43' title="bbox 399 4095 1670 4186; baseline 0.005 -30"><span class='ocrx_word' id='word_1_411' title='bbox 399 4095 555 4158; x_wconf 89' lang='lat' dir='ltr'><strong>traditum.</strong></span> <span class='ocrx_word' id='word_1_412' title='bbox 870 4179 873 4186; x_wconf 17' lang='lat'><strong>⁴</strong></span> <span class='ocrx_word' id='word_1_413' title='bbox 1042 4103 1164 4186; x_wconf 93' lang='lat' dir='ltr'><strong>quidem</strong></span> <span class='ocrx_word' id='word_1_414' title='bbox 1179 4123 1215 4167; x_wconf 85' lang='lat' dir='ltr'><strong>ex</strong></span> <span class='ocrx_word' id='word_1_415' title='bbox 1236 4103 1299 4167; x_wconf 88' lang='lat' dir='ltr'><strong>suis</strong></span> <span class='ocrx_word' id='word_1_416' title='bbox 1318 4103 1386 4165; x_wconf 88' lang='lat' dir='ltr'><strong>lidei</strong></span> <span class='ocrx_word' id='word_1_417' title='bbox 1406 4112 1561 4184; x_wconf 73' lang='lat' dir='ltr'><strong>martyrem</strong></span> <span class='ocrx_word' id='word_1_418' title='bbox 1579 4108 1628 4170; x_wconf 77' lang='lat' dir='ltr'><strong>op·</strong></span> <span class='ocrx_word' id='word_1_419' title='bbox 1669 4166 1670 4185; x_wconf 51' lang='lat'><strong>,</strong></span> 
     </span>
    </p>
   </div>
   <div class='ocr_carea' id='block_1_7' title="bbox 398 4279 1670 4765">
    <p class='ocr_par' dir='ltr' id='par_1_10' title="bbox 398 4279 1670 4765">
     <span class='ocr_line' id='line_1_44' title="bbox 432 4279 1670 4362; baseline -0.015 -19"><span class='ocrx_word' id='word_1_420' title='bbox 432 4291 470 4359; x_wconf 84' lang='lat' dir='ltr'><strong>(l)</strong></span> <span class='ocrx_word' id='word_1_421' title='bbox 489 4290 527 4343; x_wconf 87' lang='lat' dir='ltr'><strong>lta</strong></span> <span class='ocrx_word' id='word_1_422' title='bbox 550 4291 643 4359; x_wconf 82' lang='lat' dir='ltr'><strong>passim</strong></span> <span class='ocrx_word' id='word_1_423' title='bbox 662 4289 741 4343; x_wconf 86' lang='lat' dir='ltr'><strong>Vinet</strong></span> <span class='ocrx_word' id='word_1_424' title='bbox 766 4289 792 4341; x_wconf 95' lang='lat' dir='ltr'><strong>in</strong></span> <span class='ocrx_word' id='word_1_425' title='bbox 815 4305 862 4340; x_wconf 79' lang='lat' dir='ltr'><strong>suo</strong></span> <span class='ocrx_word' id='word_1_426' title='bbox 880 4287 955 4341; x_wconf 72' lang='lat' dir='ltr'><strong>Euat</strong></span> <span class='ocrx_word' id='word_1_427' title='bbox 975 4293 1004 4340; x_wconf 85' lang='lat' dir='ltr'><strong>de</strong></span> <span class='ocrx_word' id='word_1_428' title='bbox 1044 4288 1129 4341; x_wconf 80' lang='lat' dir='ltr'><strong>ltaliae</strong></span> <span class='ocrx_word' id='word_1_429' title='bbox 1146 4288 1179 4341; x_wconf 79' lang='lat' dir='ltr'><strong>ad</strong></span> <span class='ocrx_word' id='word_1_430' title='bbox 1201 4303 1246 4340; x_wconf 80' lang='lat' dir='ltr'><strong>eos</strong></span> <span class='ocrx_word' id='word_1_431' title='bbox 1267 4279 1630 4362; x_wconf 60' lang='lat' dir='ltr'><strong>Mueendossprotcstaott·</strong></span> <span class='ocrx_word' id='word_1_432' title='bbox 1669 4298 1670 4327; x_wconf 81' lang='lat' dir='ltr'><strong>t</strong></span> 
     </span>
     <span class='ocr_line' id='line_1_45' title="bbox 399 4341 1630 4423; baseline -0.01 -12"><span class='ocrx_word' id='word_1_433' title='bbox 399 4363 424 4411; x_wconf 83' lang='lat' dir='ltr'><strong>ln</strong></span> <span class='ocrx_word' id='word_1_434' title='bbox 437 4363 619 4423; x_wconf 72' lang='lat' dir='ltr'><strong>manifestatione</strong></span> <span class='ocrx_word' id='word_1_435' title='bbox 631 4363 671 4409; x_wconf 75' lang='lat' dir='ltr'><strong>dra</strong></span> <span class='ocrx_word' id='word_1_436' title='bbox 682 4361 784 4408; x_wconf 77' lang='lat' dir='ltr'><strong>constet.</strong></span> <span class='ocrx_word' id='word_1_437' title='bbox 797 4361 1003 4420; x_wconf 59' lang='lat' dir='ltr'><strong>retrahentem</strong></span> <span class='ocrx_word' id='word_1_438' title='bbox 1043 4355 1090 4409; x_wconf 84' lang='lat' dir='ltr'><strong>bos</strong></span> <span class='ocrx_word' id='word_1_439' title='bbox 1107 4358 1175 4409; x_wconf 80' lang='lat' dir='ltr'><strong>inter</strong></span> <span class='ocrx_word' id='word_1_440' title='bbox 1191 4364 1288 4408; x_wconf 77' lang='lat' dir='ltr'><strong>ceteros</strong></span> <span class='ocrx_word' id='word_1_441' title='bbox 1310 4353 1411 4406; x_wconf 81' lang='lat' dir='ltr'><strong>libellos</strong></span> <span class='ocrx_word' id='word_1_442' title='bbox 1426 4352 1598 4423; x_wconf 67' lang='lat' dir='ltr'><strong>disseminatur</strong></span> <span class='ocrx_word' id='word_1_443' title='bbox 1607 4341 1630 4384; x_wconf 58' lang='lat' dir='ltr'><strong>‘l</strong></span> 
     </span>
     <span class='ocr_line' id='line_1_46' title="bbox 401 4400 1627 4495; baseline -0.002 -17"><span class='ocrx_word' id='word_1_444' title='bbox 401 4445 451 4478; x_wconf 86' lang='lat' dir='ltr'><strong>nen</strong></span> <span class='ocrx_word' id='word_1_445' title='bbox 467 4427 503 4478; x_wconf 85' lang='lat' dir='ltr'><strong>De</strong></span> <span class='ocrx_word' id='word_1_446' title='bbox 517 4427 639 4495; x_wconf 86' lang='lat' dir='ltr'><strong>Gasparin</strong></span> <span class='ocrx_word' id='word_1_447' title='bbox 652 4427 677 4476; x_wconf 89' lang='lat' dir='ltr'><strong>in</strong></span> <span class='ocrx_word' id='word_1_448' title='bbox 690 4441 732 4492; x_wconf 87' lang='lat' dir='ltr'><strong>op.</strong></span> <span class='ocrx_word' id='word_1_449' title='bbox 746 4423 790 4476; x_wconf 81' lang='lat' dir='ltr'><strong>hee</strong></span> <span class='ocrx_word' id='word_1_450' title='bbox 801 4426 877 4475; x_wconf 79' lang='lat' dir='ltr'><strong>deuter</strong></span> <span class='ocrx_word' id='word_1_451' title='bbox 888 4429 921 4475; x_wconf 80' lang='lat' dir='ltr'><strong>du</strong></span> <span class='ocrx_word' id='word_1_452' title='bbox 933 4429 1004 4477; x_wconf 77' lang='lat' dir='ltr'><strong>doato</strong></span> <span class='ocrx_word' id='word_1_453' title='bbox 1041 4424 1074 4475; x_wconf 83' lang='lat' dir='ltr'><strong>ab</strong></span> <span class='ocrx_word' id='word_1_454' title='bbox 1090 4424 1146 4476; x_wconf 82' lang='lat' dir='ltr'><strong>eius</strong></span> <span class='ocrx_word' id='word_1_455' title='bbox 1162 4423 1262 4477; x_wconf 83' lang='lat' dir='ltr'><strong>editore</strong></span> <span class='ocrx_word' id='word_1_456' title='bbox 1277 4424 1304 4474; x_wconf 90' lang='lat' dir='ltr'><strong>in</strong></span> <span class='ocrx_word' id='word_1_457' title='bbox 1317 4422 1475 4490; x_wconf 78' lang='lat' dir='ltr'><strong>praelatione</strong></span> <span class='ocrx_word' id='word_1_458' title='bbox 1485 4400 1627 4488; x_wconf 52' lang='lat' dir='ltr'><strong>epp⁰⁸¹¹⁸3¹h</strong></span> 
     </span>
     <span class='ocr_line' id='line_1_47' title="bbox 398 4483 1625 4562; baseline -0.005 -18"><span class='ocrx_word' id='word_1_459' title='bbox 398 4501 421 4544; x_wconf 80' lang='lat' dir='ltr'><strong>ot</strong></span> <span class='ocrx_word' id='word_1_460' title='bbox 438 4501 466 4544; x_wconf 83' lang='lat' dir='ltr'><strong>dc</strong></span> <span class='ocrx_word' id='word_1_461' title='bbox 487 4499 512 4544; x_wconf 88' lang='lat' dir='ltr'><strong>ln</strong></span> <span class='ocrx_word' id='word_1_462' title='bbox 529 4497 574 4557; x_wconf 74' lang='lat' dir='ltr'><strong>sot,</strong></span> <span class='ocrx_word' id='word_1_463' title='bbox 592 4502 619 4545; x_wconf 87' lang='lat' dir='ltr'><strong>et</strong></span> <span class='ocrx_word' id='word_1_464' title='bbox 636 4493 680 4562; x_wconf 89' lang='lat' dir='ltr'><strong>qni</strong></span> <span class='ocrx_word' id='word_1_465' title='bbox 697 4509 740 4544; x_wconf 87' lang='lat' dir='ltr'><strong>cos</strong></span> <span class='ocrx_word' id='word_1_466' title='bbox 753 4493 1003 4562; x_wconf 81' lang='lat' dir='ltr'><strong>exscripsitstolidus</strong></span> <span class='ocrx_word' id='word_1_467' title='bbox 1042 4491 1126 4544; x_wconf 80' lang='lat' dir='ltr'><strong>sidera</strong></span> <span class='ocrx_word' id='word_1_468' title='bbox 1144 4493 1258 4552; x_wconf 88' lang='lat' dir='ltr'><strong>tollitur,</strong></span> <span class='ocrx_word' id='word_1_469' title='bbox 1276 4490 1338 4542; x_wconf 87' lang='lat' dir='ltr'><strong>dum</strong></span> <span class='ocrx_word' id='word_1_470' title='bbox 1359 4491 1444 4556; x_wconf 81' lang='lat' dir='ltr'><strong>reipsa</strong></span> <span class='ocrx_word' id='word_1_471' title='bbox 1469 4501 1521 4539; x_wconf 83' lang='lat' dir='ltr'><strong>nort</strong></span> <span class='ocrx_word' id='word_1_472' title='bbox 1535 4487 1571 4531; x_wconf 64' lang='lat'><strong>⁰⁵2</strong></span> <span class='ocrx_word' id='word_1_473' title='bbox 1585 4483 1625 4524; x_wconf 78' lang='lat'><strong>⁰¹⁵¹</strong></span> 
     </span>
     <span class='ocr_line' id='line_1_48' title="bbox 400 4553 1633 4633; baseline -0.021 -20"><span class='ocrx_word' id='word_1_474' title='bbox 400 4564 516 4628; x_wconf 82' lang='lat' dir='ltr'><strong>piatista,</strong></span> <span class='ocrx_word' id='word_1_475' title='bbox 534 4561 625 4613; x_wconf 83' lang='lat' dir='ltr'><strong>blonod</strong></span> <span class='ocrx_word' id='word_1_476' title='bbox 646 4565 671 4612; x_wconf 87' lang='lat' dir='ltr'><strong>in</strong></span> <span class='ocrx_word' id='word_1_477' title='bbox 689 4576 735 4611; x_wconf 90' lang='lat' dir='ltr'><strong>suo</strong></span> <span class='ocrx_word' id='word_1_478' title='bbox 753 4558 941 4628; x_wconf 81' lang='lat' dir='ltr'><strong>Lucillu,quod</strong></span> <span class='ocrx_word' id='word_1_479' title='bbox 955 4577 1003 4628; x_wconf 93' lang='lat' dir='ltr'><strong>po·</strong></span> <span class='ocrx_word' id='word_1_480' title='bbox 1042 4560 1134 4612; x_wconf 78' lang='lat' dir='ltr'><strong>callida</strong></span> <span class='ocrx_word' id='word_1_481' title='bbox 1150 4559 1336 4633; x_wconf 66' lang='lat' dir='ltr'><strong>sophistamtmu</strong></span> <span class='ocrx_word' id='word_1_482' title='bbox 1353 4574 1383 4610; x_wconf 77' lang='lat' dir='ltr'><strong>uc</strong></span> <span class='ocrx_word' id='word_1_483' title='bbox 1393 4557 1558 4609; x_wconf 81' lang='lat' dir='ltr'><strong>stultitiarum</strong></span> <span class='ocrx_word' id='word_1_484' title='bbox 1573 4553 1633 4593; x_wconf 84' lang='lat' dir='ltr'><strong>coo·</strong></span> 
     </span>
     <span class='ocr_line' id='line_1_49' title="bbox 399 4628 1137 4696; baseline 0.005 -19"><span class='ocrx_word' id='word_1_485' title='bbox 399 4638 520 4680; x_wconf 76' lang='lat' dir='ltr'><strong>strcrnurn</strong></span> <span class='ocrx_word' id='word_1_486' title='bbox 532 4645 606 4696; x_wconf 82' lang='lat' dir='ltr'><strong>opus,</strong></span> <span class='ocrx_word' id='word_1_487' title='bbox 625 4629 650 4680; x_wconf 90' lang='lat' dir='ltr'><strong>in</strong></span> <span class='ocrx_word' id='word_1_488' title='bbox 666 4628 775 4679; x_wconf 85' lang='lat' dir='ltr'><strong>italicum</strong></span> <span class='ocrx_word' id='word_1_489' title='bbox 788 4629 902 4696; x_wconf 82' lang='lat' dir='ltr'><strong>linguam</strong></span> <span class='ocrx_word' id='word_1_490' title='bbox 916 4642 1004 4696; x_wconf 79' lang='lat' dir='ltr'><strong>nuper</strong></span> <span class='ocrx_word' id='word_1_491' title='bbox 1042 4631 1137 4696; x_wconf 77' lang='lat' dir='ltr'><strong>gerice.</strong></span> 
     </span>
     <span class='ocr_line' id='line_1_50' title="bbox 399 4695 1003 4765; baseline 0.003 -19"><span class='ocrx_word' id='word_1_492' title='bbox 399 4711 551 4748; x_wconf 80' lang='lat' dir='ltr'><strong>conversum</strong></span> <span class='ocrx_word' id='word_1_493' title='bbox 574 4713 604 4748; x_wconf 84' lang='lat' dir='ltr'><strong>ex</strong></span> <span class='ocrx_word' id='word_1_494' title='bbox 632 4695 722 4765; x_wconf 77' lang='lat' dir='ltr'><strong>gallica</strong></span> <span class='ocrx_word' id='word_1_495' title='bbox 736 4731 745 4760; x_wconf 93' lang='lat'><strong>,</strong></span> <span class='ocrx_word' id='word_1_496' title='bbox 771 4697 839 4748; x_wconf 86' lang='lat' dir='ltr'><strong>inter</strong></span> <span class='ocrx_word' id='word_1_497' title='bbox 865 4696 1003 4748; x_wconf 83' lang='lat' dir='ltr'><strong>catholicos</strong></span> 
     </span>
    </p>
   </div>
   <div class='ocr_carea' id='block_1_8' title="bbox 0 0 1873 5659">
    <p class='ocr_par' dir='ltr' id='par_1_11' title="bbox 0 0 1873 5659">
     <span class='ocr_line' id='line_1_51' title="bbox 0 0 1873 5659; baseline 0 0"><span class='ocrx_word' id='word_1_498' title='bbox 0 0 1873 5659; x_wconf 95' lang='lat' dir='ltr'><strong> </strong></span> 
     </span>
    </p>
   </div>
  </div>
 </body>
</html>
