3700 5659
804 512 899 556 curor
913 512 943 552 r.
1028 520 1030 528 ’
1419 501 1458 560 67

244 621 281 676 et
296 608 491 673 commendat
518 608 556 670 nd
588 606 855 683 aedificationem,
898 607 980 668 tatis.
1002 605 1111 670 Contra
1129 626 1199 670 vero
1229 607 1306 670 idem
1332 628 1357 671 s.
1394 611 1505 675 Ductor

246 715 315 758 uon
331 703 433 757 autem
444 692 481 756 ed
496 693 586 754 fidem
602 689 855 768 constituendam,
897 690 1026 772 loquens
1042 693 1131 772 panto
1149 701 1216 772 post
1234 693 1388 754 decadem
1407 699 1503 759 ooste-

245 798 334 860 quae
354 779 444 840 unice
464 777 589 839 tundata
607 785 653 837 est
676 793 768 856 super
785 776 857 836 iun·
898 774 954 850 sia,
975 785 1063 855 prout
1075 785 1120 836 est
1132 777 1294 838 auotoritas
1312 777 1412 839 divina
1428 799 1504 860 pro-

246 866 431 926 dameatum
447 862 654 943 apostotorum
674 870 705 921 et
723 859 858 940 propho-
898 877 1013 940 ponens
1042 859 1180 921 veritates
1222 861 1280 921 tide
1315 862 1500 943 credendas,

249 958 369 1009 tarum.
743 973 749 991 ·
898 942 1015 1004 subdit:
1036 985 1040 992 ,
1059 945 1123 1024 Epo
1154 961 1223 1005 oero
1255 947 1408 1023 eoonpetio
1438 966 1501 1012 aon

295 1031 373 1092 258.
392 1027 561 1090 Notandum
588 1027 698 1102 tertio,
735 1025 858 1087 maioris
899 1027 1055 1102 crederem,
1069 1028 1136 1089 ,nist
1159 1045 1204 1090 nce
1230 1029 1391 1091 cotdoticoe
1410 1033 1503 1095 eecle-

249 1113 479 1194 perspiouitotis
494 1113 602 1188 gratia,
623 1110 780 1172 ecetesiam
801 1109 858 1170 sut
898 1111 960 1174 siae
977 1119 1171 1173 commoneret
1188 1113 1350 1174 auctoritas
1369 1115 1430 1192 (A).

247 1197 369 1280 duplici
386 1205 524 1278 respectu
552 1194 681 1276 spectari
711 1211 798 1274 posse
827 1194 857 1254 in
941 1193 1015 1254 259.
1037 1193 1130 1271 igitur
1148 1194 1185 1256 ad
1199 1198 1435 1272 cognoscendam
1447 1219 1502 1261 ee-

248 1290 446 1360 argumento.
464 1280 501 1340 de
516 1299 576 1360 quo
592 1279 718 1356 agimus,
743 1277 858 1338 scitioet
898 1277 1020 1340 etesium
1041 1277 1206 1358 subpriori
1233 1289 1370 1360 respectu
1390 1301 1502 1362 quem-

246 1368 297 1426 vet
318 1373 410 1446 prout
438 1373 484 1425 est
515 1365 677 1426 auctoritas
708 1363 854 1438 humana,
898 1361 1059 1422 admodum
1080 1361 1163 1423 etad
1180 1365 1387 1439 cognoscenda
1404 1368 1504 1428 oredi-

249 1451 299 1512 uet
318 1457 411 1530 prout
424 1456 469 1510 est
487 1447 651 1508 auctoritas
662 1445 771 1507 divina.
786 1443 857 1524 Spe·
899 1441 1025 1506 bititutis
1040 1445 1149 1508 motion
1166 1446 1299 1508 humana
1316 1467 1351 1509 ac
1369 1451 1502 1513 naturali

246 1542 353 1598 statur
369 1541 404 1593 ut
420 1531 531 1610 diviua,
553 1539 701 1611 quatenus
720 1529 859 1605 dirigitur
898 1528 1081 1604 cognitione,
1102 1547 1177 1610 opus
1196 1548 1249 1610 per
1266 1549 1299 1592 se
1318 1550 1377 1593 non
1403 1541 1448 1595 est
1467 1536 1504 1596 A·

248 1637 271 1676 u
285 1615 403 1698 Spiritu
419 1625 534 1692 sancto,
552 1624 643 1694 atque
660 1622 694 1674 ut
711 1614 814 1691 regida
826 1612 860 1673 sr-
898 1612 936 1672 de
955 1621 1007 1676 out
1024 1613 1365 1694 gratiasuperuaturali3
1379 1618 1416 1678 ad
1433 1635 1503 1680 ore-

250 1701 303 1762 dei
327 1701 465 1780 proxima
484 1699 584 1762 dicere
616 1706 730 1777 potest:
759 1699 857 1758 Visam
899 1695 1141 1760 dendumautem
1158 1698 1314 1774 ecelesiae,
1329 1701 1453 1780 perinde
1466 1721 1503 1765 oc

248 1796 294 1846 est
313 1785 445 1862 Spiritui
455 1802 482 1844 s.
498 1792 526 1846 et
542 1784 640 1854 crabim
654 1790 743 1860 atquo
755 1781 785 1842 iu
805 1799 857 1841 or·
898 1780 1025 1860 reliquis
1043 1780 1219 1844 veritatibus
1238 1781 1307 1843 anei
1323 1802 1341 1843 a
1359 1784 1419 1846 Deo
1450 1803 1503 1848 re·

249 1869 325 1930 dine
343 1868 441 1944 logico
453 1875 497 1928 est
509 1866 625 1947 primus
641 1866 736 1927 relato
749 1864 786 1926 ad
802 1883 858 1926 uos
897 1863 1014 1939 vetatis,
1032 1865 1202 1926 successario
1228 1866 1351 1929 omniuo
1371 1878 1416 1930 est
1437 1887 1506 1948 gro·

248 1952 402 2012 :irtioutus
416 1951 496 2026 fidei,
518 1958 622 2030 utpote
644 1968 663 2010 a
682 1949 743 2010 Deo
769 1966 856 2010 reue·
900 1948 941 2008 tia
959 1948 1197 2028 supernaturalis
1215 1949 1252 2010 ad
1272 1949 1361 2013 fidem
1378 1953 1439 2033 (3).

252 2037 350 2112 tatus,
384 2054 418 2096 en
450 2052 511 2114 quo
530 2034 637 2096 deinde
659 2033 751 2094 ceteri
770 2031 857 2094 nobis

249 2118 398 2182 credendi
417 2127 639 2198 proponuntur.
662 2135 716 2178 seu
735 2133 856 2196 proma·
1109 2123 1233 2180 GAPUT
1257 2125 1293 2182 V.

253 2212 339 2264 ruant.
356 2201 514 2282 Spectatur
528 2211 628 2263 autem
645 2209 678 2260 ut
694 2200 858 2262 auotoritas
1057 2249 1099 2294 DE
1130 2249 1220 2295 mn
1256 2251 1350 2297 mm

250 2289 413 2363 humana,
434 2295 583 2366 quotenus
610 2293 656 2345 est
681 2284 859 2346 naturaiiter

250 2372 376 2448 cognita
393 2388 447 2450 per
478 2370 588 2430 motiva
621 2367 856 2441 eredihititatis‚
942 2364 1016 2427 260.
1037 2363 1147 2445 Nequit
1166 2377 1409 2442 germanaactus
1435 2370 1506 2432 fidei

251 2473 333 2534 quae
357 2472 412 2534 pro
443 2471 479 2514 ea
512 2453 651 2514 militant.
672 2450 737 2522 Quo
767 2469 857 2514 sensu
899 2448 1006 2510 heberi
1026 2450 1122 2526 notio,
1144 2451 1217 2530 quin
1238 2451 1321 2531 prius
1340 2460 1503 2528 statuatur,
1610 2483 1614 2490 ·

253 2538 413 2600 scribebat
435 2557 461 2598 s.
493 2537 676 2613 Augustinus
698 2535 735 2596 de
754 2535 858 2598 eadem
899 2532 972 2612 quid
991 2533 1110 2613 proprie
1133 2534 1172 2595 sit
1195 2534 1330 2596 erodere.
1355 2535 1449 2598 Porro
1470 2557 1507 2599 ex

253 2621 404 2684 ecclesia:
424 2622 502 2685 Sunt
519 2622 581 2684 aiio
603 2621 713 2696 naratio,
734 2637 808 2699 paine
825 2621 859 2682 in
899 2635 925 2677 s.
944 2616 1070 2694 Thoma,
1092 2627 1257 2696 praeeunte
1275 2637 1300 2680 s.
1320 2619 1505 2700 Augustino,

255 2709 322 2768 eius
339 2707 455 2786 premio
472 2721 518 2766 me
542 2705 705 2766 iustissime
728 2713 859 2767 teneant:
899 2702 1019 2762 credere
1037 2709 1078 2762 est
1095 2719 1162 2763 cum
1177 2704 1345 2764 assensione
1359 2705 1505 2784 capitone.

253 2799 331 2852 tenet
349 2789 503 2852 consensio
508 2790 688 2868 pomulorum
697 2796 783 2867 otpaie
790 2806 861 2868 pen·
899 2782 965 2846 Duo
988 2783 1080 2862 igitur
1099 2785 1248 2847 elemento
1263 2787 1301 2848 ad
1320 2787 1505 2850 credendum
1605 2787 1608 2794 ’

257 2875 357 2936 tisim:
374 2873 627 2936 tenetoactm‘itos
644 2872 798 2937 mirandis
812 2872 860 2934 in·
900 2878 1080 2930 concurrant
1104 2887 1225 2930 neeesse
1256 2879 1322 2947 est,
1344 2870 1500 2950 cogitare,

260 2959 373 3034 otiante,
393 2975 444 3036 spe
460 2957 592 3031 nutrito,
616 2957 859 3031 carnotensem,
901 2951 983 3031 quod
1005 2961 1051 3014 est
1069 2951 1163 3014 instar
1180 2954 1317 3029 generis,
1337 2956 1504 3034 assentire,

262 3049 404 3104 uetustate
420 3042 559 3120 firmato:
583 3049 659 3102 tenet
677 3042 714 3102 od
731 3039 793 3118 ipso
813 3058 860 3101 se·
902 3035 984 3115 quod
997 3036 1095 3100 locum
1112 3035 1298 3099 differentiae
1313 3037 1440 3100 obtinet.
1456 3039 1506 3102 Sic

257 3128 294 3186 de
304 3125 391 3187 Petri
404 3125 541 3203 apostoli,
558 3125 607 3186 riri
622 3126 785 3203 pascendas
797 3141 863 3185 ones
900 3138 970 3182 vero
990 3119 1125 3201 loquitur
1142 3139 1168 3182 s.
1202 3120 1408 3198 Augustinus:
1433 3123 1507 3198 Ouis

253 3226 326 3270 ,suas
354 3217 422 3286 post
439 3210 687 3270 resurrrectiouem
718 3208 862 3270 Bonainas
900 3205 982 3266 enim
1000 3223 1060 3266 nono
1079 3205 1188 3281 videat,
1210 3208 1298 3284 prius
1316 3224 1374 3268 esse
1389 3209 1506 3288 copita-

252 3293 489 3368 commeodooit,
506 3309 598 3370 impure
623 3294 662 3354 ud
676 3301 862 3372 praesentem
900 3305 1034 3367 requam
1044 3290 1180 3352 credere?
1197 3291 1307 3352 Notius
1320 3291 1425 3370 quippe
1438 3309 1507 3354 cre-

257 3377 461 3456 episcopatem
487 3376 629 3438 successio
658 3377 858 3438 sacerdotum:
902 3373 946 3434 dit
976 3372 1107 3452 aliquid,
1128 3374 1189 3435 nisi
1210 3376 1298 3454 prius
1331 3377 1507 3453 eopitooerit

255 3469 337 3522 tenet
358 3468 506 3539 postremo
519 3461 617 3539 ipsam
632 3460 792 3522 catholicae
809 3478 863 3522 no·
902 3473 963 3518 esso
981 3459 1201 3520 credendam...
1222 3469 1405 3532 ramesense,
1422 3469 1455 3522 at
1469 3479 1506 3521 o·

256 3562 339 3618 nomn,
357 3546 435 3623 qaod
446 3561 509 3605 noa
520 3545 585 3606 sine
596 3561 687 3605 sousa
705 3545 790 3605 inter
802 3552 862 3607 tam
901 3541 997 3617 mnia,
1018 3557 1093 3618 aare
1106 3543 1283 3616 credantur,
1294 3545 1508 3621 praeveniente

252 3629 368 3690 oraattos
389 3629 577 3692 toeresessio
594 3629 653 3689 isto
667 3628 786 3691 occuito
799 3629 862 3690 soto
901 3625 1092 3704 copitotionm
1118 3625 1293 3687 credantur.
1320 3625 1507 3704 wentoniam

167 3714 169 3723 '
253 3712 427 3774 adunant...
450 3713 511 3774 Isto
524 3730 597 3791 erpo
609 3720 649 3772 tot
663 3720 692 3774 et
710 3720 797 3777 tanta
810 3729 863 3774 no·
901 3716 930 3769 et
950 3709 1047 3787 ipsum
1073 3709 1191 3770 credere
1218 3709 1297 3770 ninii
1327 3709 1411 3771 atiud
1439 3719 1504 3787 est,

255 3797 350 3858 mimis
370 3795 541 3858 Christiani
566 3795 724 3860 cormsimo
741 3796 864 3859 oiacaoto
901 3809 990 3870 parom
1007 3809 1073 3856 oum
1093 3792 1261 3854 assensione
1274 3793 1416 3872 cupitum.
1435 3795 1506 3857 Non

254 3889 335 3942 certe
352 3879 501 3942 nominem
526 3888 628 3942 tenent
646 3881 810 3942 credentem
827 3880 860 3940 in
901 3877 980 3938 enim
992 3876 1100 3952 omnis,
1117 3877 1167 3955 qui
1179 3877 1299 3957 capiant,
1319 3879 1423 3954 credit,
1436 3895 1507 3941 eram

254 3963 403 4025 cottotico
431 3965 573 4039 ecclesio,
593 3964 711 4025 etiamsi
738 3971 862 4042 propter
901 3960 966 4022 ideo
988 3961 1117 4041 repitent
1131 3961 1286 4040 plerique,
1306 3977 1343 4022 ae
1361 3961 1507 4026 credam:

254 4057 379 4110 nostrae
390 4047 604 4126 intettipeutioe
622 4047 806 4124 tarditatem,
817 4047 862 4111 oet
901 4045 951 4106 sed
964 4047 1074 4125 sopitat
1093 4046 1200 4121 omnis,
1218 4046 1270 4124 pai
1281 4045 1388 4123 eredit,
1401 4055 1429 4108 et
1442 4063 1509 4110 cre·

255 4134 339 4194 citae
365 4131 504 4191 caeritum
524 4132 635 4193 veritos
666 4132 798 4192 nondam
831 4149 862 4194 se
902 4128 1503 4210 aenaooope'tot,etcopttoadocmaam).

256 4214 444 4294 apertissime
457 4217 589 4277 ostendat
607 4213 667 4295 (t).
689 4212 861 4284 Quibusre-
947 4212 1023 4274 261.
1044 4211 1158 4276 Exinde
1176 4213 1291 4292 colligit
1312 4231 1338 4274 s.
1358 4213 1503 4290 Thomas,

257 4297 381 4360 consuit
398 4298 559 4379 praecipua
578 4298 688 4360 motiva
705 4297 861 4360 credibili·
903 4295 985 4376 quod
1005 4297 1103 4377 ipsam
1120 4299 1240 4360 credere
1257 4305 1297 4359 est
1316 4305 1398 4360 actas
1415 4298 1508 4360 intot—

294 4445 333 4513 (t)
350 4445 440 4498 Contu.
465 4447 541 4514 epist.
565 4445 746 4508 Fundamenti,
766 4449 860 4515 copta,
902 4443 1010 4511 Egregie
1034 4445 1110 4496 otiam
1139 4443 1171 4498 do
1200 4445 1249 4498 hoe
1278 4453 1430 4511 aspramente
1450 4445 1506 4512 egit

257 4529 289 4563 n.
307 4519 334 4563 5.
901 4510 971 4562 eard.
992 4511 1023 4562 do
1042 4511 1112 4579 lengo
1130 4511 1157 4564 in
1174 4529 1217 4581 op.
1240 4513 1346 4573 Deficit,
1369 4509 1436 4580 disp.
1464 4517 1503 4577 t,

295 4580 333 4645 (Ξ)
344 4577 411 4630 tutu.
425 4596 484 4647 cap.
496 4585 523 4632 a.
900 4589 963 4632 oeet.
979 4585 1005 4642 d,
1023 4595 1095 4647 soqq.

295 4647 334 4716 (5)
355 4646 397 4698 ct.
420 4647 535 4710 Suet-on,
552 4645 649 4717 disput.
672 4652 704 4712 5,
729 4654 793 4700 sect.
817 4650 859 4698 tt).
907 4679 910 4684 -
935 4648 973 4717 (t)
987 4647 1043 4699 Lib.
1062 4647 1231 4712 Deproedort.
1245 4649 1322 4697 murt.
1334 4660 1393 4713 esp.
1405 4648 1433 4698 2.
