3700 5659
381 609 385 616 ,
406 551 444 614 82
928 563 967 608 nr
985 563 1053 611 rtur

362 661 478 739 scribit,
498 661 711 741 redemptionis
728 657 902 740 mysterium
929 676 965 720 o·
1005 660 1115 721 callere
1138 656 1248 720 dehent
1277 658 1382 722 saltem
1414 661 1516 744 quoad
1538 664 1612 726 suh·
1683 711 1684 748 ,

362 765 444 809 mnes
461 745 881 827 tementurcmpiioiteoredero
895 741 962 822 (l);
1005 743 1166 820 stantiam,
1189 752 1221 804 ut
1245 743 1381 824 loquitur
1405 763 1430 807 s.
1463 746 1611 825 Thomas,

363 840 394 892 et
410 849 552 892 rursum:
573 832 643 894 Post
660 839 773 910 tempos
786 828 907 910 yrottoe
919 845 967 888 re·
1006 829 1189 908 quicumque
1230 827 1393 890 christiana
1421 831 1612 914 professione
1665 829 1669 840 ’

362 916 473 978 octotoe
491 923 552 978 tom
569 915 697 978 moiorea
727 930 817 993 ocum
835 912 967 974 minores
1006 915 1176 974 censentur.
1201 911 1242 972 lta
1261 910 1339 972 enim
1361 913 1418 974 ista
1436 915 1610 996 cohaerent,

260 1014 263 1018 ·
364 1007 505 1063 temeretur
524 999 629 1061 hahere
646 999 732 1080 fidem
749 997 918 1078 emplioitom
931 997 967 1058 de
1007 1005 1039 1058 ut
1055 997 1120 1057 sine
1143 995 1282 1057 distincta
1304 1013 1408 1058 eorum
1433 999 1540 1062 notitia
1558 1021 1614 1064 ne-

363 1084 512 1166 mysteriis
529 1083 664 1159 coristi,
681 1083 841 1163 pt'oeeiptre
868 1098 966 1160 pttuo-
1007 1099 1065 1160 que
1083 1079 1263 1141 christianus
1286 1079 1354 1161 quis
1373 1090 1454 1144 recte
1477 1086 1612 1165 appelle-

366 1169 539 1232 homodeo
556 1185 631 1247 ptrue
648 1168 682 1230 in
694 1166 813 1230 ecclesio
829 1165 967 1227 commui·
1008 1173 1067 1240 tur,
1088 1181 1142 1226 nec
1175 1163 1269 1244 possit
1300 1164 1456 1226 christiani
1477 1171 1612 1232 nominis
1683 1189 1684 1192 ¹

365 1261 490 1329 arentur,
506 1260 533 1314 et
545 1252 660 1330 publice
669 1258 894 1331 proponuntur,
911 1249 969 1312 rie·
1008 1248 1112 1310 officiis
1131 1255 1211 1308 recte
1224 1246 1319 1324 iungi.
1337 1245 1510 1329 Symbolum
1530 1253 1612 1316 enim

365 1346 396 1400 ut
433 1344 505 1397 snut
528 1335 650 1398 ortiooti
669 1333 892 1398 iucarnationis
904 1332 965 1412 (3).
1008 1333 1083 1394 nihil
1095 1331 1176 1394 aliud
1191 1339 1247 1410 est,
1266 1351 1355 1414 quam
1371 1333 1500 1396 formula
1519 1357 1613 1418 quae-

343 1449 348 1458 1
408 1420 482 1481 33t.
494 1417 554 1480 Nec
566 1418 667 1482 minus
684 1417 886 1482 necessariam
901 1434 968 1478 esse
1008 1416 1087 1490 dam,
1101 1435 1161 1496 qua
1174 1416 1334 1498 praecipua
1346 1417 1415 1478 svdei
1428 1419 1526 1500 capita
1542 1441 1613 1483 cou-

366 1503 507 1566 omnibus
524 1501 646 1581 adultis,
665 1503 770 1564 saltem
791 1500 969 1563 necessitate
1010 1501 1152 1575 tinentur,
1173 1519 1251 1581 quae
1269 1500 1417 1581 pertinent
1435 1501 1472 1564 ad
1491 1504 1544 1567 llei
1574 1527 1611 1567 u-

365 1588 529 1667 proooepti,
551 1594 618 1667 post
635 1586 783 1665 evangelii
800 1586 971 1666 promulga-
1009 1585 1132 1646 nitatem
1150 1592 1180 1644 et
1197 1603 1392 1665 personarum
1412 1585 1610 1668 Trinitatem,

368 1672 478 1733 tionem
509 1670 680 1733 distinctam
712 1669 914 1748 cognitionem
941 1677 971 1730 et
1010 1669 1118 1750 inqua
1138 1668 1335 1748 baptizamur,
1355 1669 1392 1730 ad
1417 1669 1534 1749 singula
1560 1674 1610 1735 ln-

367 1754 534 1837 explicitam
550 1755 638 1816 fidem
659 1754 786 1816 misterii
800 1752 852 1815 SS.
872 1752 971 1814 Trini·
1010 1751 1192 1814 carnationis
1211 1760 1240 1812 et
1262 1751 1477 1835 redemptionis
1500 1767 1613 1838 myste-

369 1840 449 1917 tatis,
470 1839 582 1900 ibidem
602 1858 628 1900 s.
652 1839 762 1900 lloctor
788 1837 918 1900 ostendit
936 1855 970 1898 er
1010 1836 1067 1913 ria,
1089 1855 1141 1917 per
1169 1855 1247 1916 quae
1272 1837 1345 1898 salvi
1375 1839 1544 1920 efficimur,
1577 1843 1615 1904 ad

368 1944 424 2000 eo,
456 1922 537 2006 quod
556 1922 729 2003 mysterium
753 1921 972 1984 incarnationis
1012 1919 1189 1997 ecclesiam,
1210 1919 1259 1981 cui
1278 1925 1478 2003 coaptamur,
1499 1925 1536 1986 ad
1563 1945 1614 1988 re·

369 2007 506 2089 explicite
524 2007 604 2070 credi
625 2027 686 2069 non
703 2015 802 2088 potest
829 2006 896 2068 sine
914 2006 975 2077 ltde¹
1012 2003 1227 2065 surrectionem
1243 2023 1277 2066 ex
1293 2005 1419 2067 mortuis
1438 2016 1468 2068 et
1484 2007 1615 2072 beatitu-

369 2090 421 2154 SS.
443 2091 609 2171 Trinitatis,
629 2091 702 2173 quia
719 2092 751 2153 iu
770 2091 910 2172 mysterio
925 2090 974 2152 ln·
1012 2089 1135 2166 dinem,
1170 2107 1245 2168 quas
1277 2098 1480 2170 expectamus.
1513 2090 1614 2156 Oratio

369 2177 552 2239 carnationis
570 2178 750 2254 continetur,
767 2175 850 2257 quod
878 2174 973 2236 Filius
999 2191 1081 2248 vero
1094 2171 1244 2234 dominica
1255 2191 1290 2234 ea
1302 2175 1523 2255 complectitur,
1537 2197 1616 2258 quae

371 2260 423 2322 llei
442 2279 562 2322 carnem
582 2262 799 2341 assumpserit,
821 2259 904 2340 quod
920 2277 975 2340 per
1014 2257 1149 2319 Christus
1173 2276 1276 2318 omnes
1308 2268 1409 2338 petere
1431 2258 1556 2338 docuit,
1589 2273 1618 2324 et

371 2344 496 2420 gratiam
511 2341 641 2425 Spiritus
656 2344 751 2406 sancti
770 2343 916 2405 mundum
929 2343 975 2403 in·
1014 2340 1125 2422 quihus
1140 2338 1294 2418 salutem,'
1308 2342 1414 2403 salutis
1433 2343 1532 2405 media
1551 2367 1617 2408 unt·

373 2427 542 2504 novaverit,
570 2435 601 2490 et
630 2437 785 2509 praeterea
800 2428 837 2490 de
861 2425 974 2508 Spiritu
1016 2427 1125 2505 niaque
1145 2425 1348 2488 necessariaa
1373 2425 1433 2488 Deo
1453 2427 1620 2508 efflagitare

373 2519 477 2574 sancto
497 2511 587 2573 luerit
597 2522 770 2593 conceptus.
787 2512 825 2573 Et
839 2511 906 2573 ideo
924 2530 976 2573 eo·
1015 2508 1171 2571 debemus.

374 2595 441 2657 dem
463 2595 564 2674 modo,
585 2615 647 2677 quo
669 2596 843 2678 mysterium
871 2595 975 2657 lucar-
1058 2593 1130 2654 336.
1153 2593 1270 2655 illustre
1289 2591 1379 2655 huius
1397 2593 1441 2656 rei
1461 2613 1621 2674 argumen-

375 2679 505 2742 uationis
522 2678 632 2743 Christi
655 2679 894 2744 antechristum
919 2679 977 2742 luit
1016 2684 1078 2738 tum
1095 2685 1150 2754 est,
1173 2677 1253 2758 quod
1278 2677 1404 2740 ecclesia
1423 2683 1621 2742 consuetudi-

375 2763 512 2845 explicite
530 2764 676 2828 creditum
692 2785 709 2827 n
726 2765 905 2840 maioribus,
920 2764 978 2826 irn-
1017 2779 1084 2822 nem
1116 2762 1154 2822 ab
1174 2762 1338 2843 apostoliea
1357 2770 1452 2826 aetate
1469 2775 1621 2846 receptam

375 2848 477 2929 plicite
496 2857 596 2911 autem
617 2859 647 2912 et
665 2849 751 2930 quasi
766 2850 979 2912 obumbratea
1015 2853 1189 2907 constanter
1207 2846 1340 2924 retinuit,
1353 2866 1391 2909 ne
1409 2847 1506 2909 ullum
1524 2850 1563 2911 ad
1577 2870 1622 2912 re-

375 2932 556 3012 minorihus,
576 2934 618 2996 ita
642 2935 733 2996 etiarn
757 2942 787 2996 et
804 2934 979 3015 mysterium
1019 2929 1624 3015 generationissacramentum,nisiprae-

376 3014 429 3078 SS.
443 3015 609 3080 Trinitatis.
629 3018 667 3079 ltt
685 3018 753 3080 ideo
776 3027 843 3100 post
860 3028 981 3100 tempus
1019 3013 1112 3075 missa
1132 3013 1258 3095 symboli
1277 3021 1306 3076 ct
1324 3016 1469 3078 orationis
1485 3017 1623 3079 [lomini-

376 3102 490 3176 gratiae
516 3101 683 3180 divulgatae
711 3111 852 3164 tenantur
876 3122 981 3166 omnes
1009 3116 1074 3159 cae
1092 3098 1279 3176 recitatione,
1299 3107 1416 3181 praeter
1434 3102 1624 3164 necessitatis

377 3183 415 3244 ad
441 3184 578 3265 explicite
600 3185 781 3248 credendum
807 3187 981 3267 mysterium
1022 3200 1124 3243 casum
1151 3183 1321 3245 admitteret
1337 3184 1397 3265 (d).
1423 3183 1498 3246 Hinc
1519 3188 1625 3248 conci-

377 3265 429 3328 SS.
450 3268 622 3347 Trinitatis;
647 3278 677 3332 et
694 3289 799 3332 omnes
817 3271 868 3351 qui
891 3288 982 3333 rena·
1023 3265 1095 3327 lium
1113 3264 1317 3345 lloguntinum
1340 3287 1406 3330 can.
1424 3287 1481 3332 xcv
1496 3271 1623 3333 statuit:
1682 3319 1683 3350 ,

377 3360 503 3416 scuntur
518 3352 549 3414 in
568 3352 701 3431 Christo,
728 3355 786 3416 hoe
806 3354 982 3436 adipiscun-
1023 3351 1203 3429 Syotootom,
1224 3354 1301 3430 quod
1316 3361 1356 3414 est
1374 3353 1569 3434 sipuncutum
1587 3358 1625 3438 fi·
1682 3355 1683 3378 ¹

378 3444 428 3498 tur
459 3456 512 3518 per
530 3437 749 3500 invocationem
775 3436 827 3501 SS.
848 3439 982 3503 Trinita·
1022 3435 1080 3510 dei,
1096 3443 1123 3496 et
1138 3436 1304 3500 orationem
1322 3437 1502 3500 dominicum
1514 3441 1628 3503 discere

381 3521 419 3583 tis
437 3521 497 3603 (3).
716 3534 718 3537 ·
1021 3535 1134 3599 semper
1152 3521 1329 3584 admoueant
1346 3523 1509 3585 sacerdotes
1528 3543 1627 3606 popu-

557 3638 781 3707 PROPOSITw-1v
1021 3602 1084 3664 ivero
1101 3604 1319 3678 christianum,
1349 3607 1568 3686 oolrrmuspue,
1597 3617 1628 3671 ut

1021 3687 1211 3767 disciplinam
1229 3689 1560 3772 coadipnomltodeoat‚
1579 3695 1630 3774 pui

378 3750 470 3804 Adulii
492 3756 684 3832 ommrrpuriler
711 3769 742 3802 ec
759 3757 981 3834 dirimo-praecepio
1021 3771 1073 3832 'mc
1104 3772 1218 3834 discere
1244 3773 1477 3855 ,ww-wmffi)⁸
1509 3773 1628 3838 Similia

413 3823 524 3868 teuealcr
535 3823 643 3868 destincte
655 3825 718 3869 scire
730 3827 752 3869 el
764 3827 876 3884 explicate
887 3827 982 3872 credere

414 3890 494 3935 ornain
512 3901 576 3950 qaue
600 3890 767 3949 apostolorum
780 3892 900 3953 syrnholo,
920 3906 982 3952 qm
1023 3855 1135 3916 haberti
1152 3856 1278 3919 concilia
1292 3858 1472 3938 Agathense,
1491 3858 1628 3922 Bracha-

410 3958 525 4002 orduone
546 3957 675 4017 domimica,
694 3971 756 4018 quoe
776 3961 983 4020 decolopocouti-
1022 3957 1110 4000 Γθῦὃθ
1140 3947 1169 4001 ei
1203 3939 1411 4004 cabillonense
1443 3944 1526 4025 apud
1551 3944 1629 4008 Sua·

413 4025 518 4081 meatur,
540 4037 582 4070 mcc
606 4037 654 4070 noa
677 4038 739 4084 quoe
760 4028 881 4086 pertineat
905 4031 938 4075 ud
954 4041 983 4076 etr
1021 4041 1071 4084 τοι
1087 4023 1147 4102 (ft).

411 4091 566 4136 accremento
589 4104 650 4150 quae
675 4094 794 4154 succipere
816 4094 917 4155 dehenl3
936 4094 983 4144 im-

467 4157 473 4169 .
645 4156 650 4167 .
817 4163 822 4174 ,
929 4163 934 4176 ,
1067 4107 1140 4169 337.
1161 4105 1232 4169 Cum
1247 4125 1317 4170 vero
1336 4107 1499 4174 christiana
1514 4096 1630 4196 proies·

412 4156 496 4216 plictle
511 4169 569 4203 uero
582 4169 667 4205 omutc
684 4174 745 4220 quoe
757 4161 832 4208 credet
851 4161 959 4212 erriertn.

1023 4189 1070 4252 sio
1100 4211 1160 4252 non
1191 4191 1222 4252 in
1245 4194 1355 4256 mentis
1373 4195 1491 4274 solum,
1523 4217 1626 4260 verum

426 4262 499 4344 335.
521 4262 604 4336 Quae
622 4264 660 4326 ad
674 4263 868 4330 christianam
893 4267 984 4332 insti·
1088 4317 1090 4320 -

382 4348 528 4412 tutionem
553 4358 705 4430 spectant,
725 4351 785 4412 alia
803 4353 986 4432 speculativa
1058 4373 1099 4440 tt)
1115 4373 1156 4427 ct.
1175 4357 1277 4427 lazzert
1304 4377 1480 4430 incircuitu.
1506 4378 1544 4430 tte
1560 4385 1625 4430 antr-

381 4442 463 4514 sam,
498 4434 557 4498 atta
588 4433 737 4516 practica;
761 4444 891 4517 utraque
917 4447 986 4522 apte
1025 4445 1297 4560 «pyracmon-rot,
1324 4461 1455 4512 sammua
1478 4463 1540 4511 uu,
1564 4449 1623 4499 ωδ

375 4633 379 4641 ,
430 4564 456 4629 t)
475 4563 503 4613 ln
522 4571 618 4616 tlsrvtt.
632 4565 692 4617 dist.
705 4571 748 4627 25,
768 4585 793 4637 q.
809 4574 835 4633 2,
849 4587 875 4622 n.
890 4577 915 4624 2.
1026 4525 1039 4558 ο
1061 4549 1098 4644 (a)
1118 4576 1169 4628 nn.
1182 4582 1232 4630 315
1250 4578 1318 4646 apud
1341 4579 1548 4634 narraturam
1569 4596 1624 4634 cou-

429 4633 505 4696 illl,
523 4638 550 4694 2,
569 4651 596 4701 q.
615 4639 703 4695 mart.
724 4641 750 4687 7.
975 4673 978 4681 ·
1026 4646 1345 4706 cil.tom.·l,col.tlllli.

341 4753 352 4776 ,¹
418 4700 457 4768 (³)
476 4703 591 4770 tt,a‚q.
610 4706 636 4766 2,
654 4712 703 4754 nrt.
721 4708 748 4756 8.
1063 4713 1419 4783 (rycr.dt.·p.ta·‚arct.t.
