3700 5659
746 483 894 526 carnum.
1345 471 1398 532 131

236 578 313 640 519.
340 573 477 639 Secundo
506 584 649 657 tanquam
683 585 801 656 aposta·
842 574 903 636 iliis
922 585 1050 652 constat,
1071 577 1123 659 qui
1144 579 1264 659 plenum
1282 589 1311 643 et
1326 582 1446 645 absolu-

196 671 243 724 tae
263 661 372 723 haberi
394 661 505 722 debent
528 668 677 741 quotquot
691 679 799 741 purum
843 668 905 720 tum
925 662 1148 742 sceptieismum
1170 675 1390 745 consectantur,
1411 687 1446 730 aa

198 747 430 808 naturalismum
460 763 515 805 seu
543 745 692 806 deismum
713 746 802 808 unice
842 742 879 804 de
898 745 1039 807 omnibus
1067 765 1189 826 prorsus
1221 749 1359 811 dubitant
1389 771 1445 814 ue-

198 839 313 906 tenent,
343 829 580 909 religionemque
608 828 800 891 christianam
842 826 913 888 dum
931 837 1012 890 extra
1028 849 1059 892 se
1075 831 1192 910 positia,
1210 833 1260 893 sed
1280 842 1310 894 et
1327 835 1363 896 de
1380 854 1447 916 pro-

198 933 231 975 ac
252 914 416 975 revelatam
436 931 556 974 omnem
582 912 702 994 penitus
721 912 802 974 abii·
843 912 909 990 pria
928 913 1094 978 existentia.
1118 913 1152 974 Hi
1181 935 1257 994 quos
1275 935 1343 979 vere
1361 919 1445 979 insa-

198 999 292 1059 eiuut.
315 997 352 1058 Hi
371 1006 463 1072 sunt,
484 997 537 1079 qui
554 997 641 1074 uulgo
657 996 803 1058 increduli
844 1013 899 1055 nos
921 995 1030 1057 dixeris
1049 1016 1082 1058 ao
1098 998 1292 1077 insanientes,
1313 1005 1445 1081 prolecto

198 1082 338 1143 audiunt.
845 1080 959 1139 nullam
992 1081 1053 1142 sive
1083 1081 1118 1142 de
1139 1081 1217 1160 ileo,
1237 1083 1299 1145 sive
1318 1085 1354 1146 de
1372 1089 1445 1148 reli-

240 1167 318 1227 530.
331 1165 375 1226 dd
390 1165 507 1228 tertiam
520 1165 647 1226 classem
656 1172 802 1245 spectant,
844 1162 934 1238 gione
952 1164 1056 1243 quavis
1078 1165 1174 1226 ideam
1195 1167 1372 1248 admittunt,
1397 1181 1445 1233 at-

201 1251 249 1329 qui
269 1248 495 1330 pantheismum
516 1247 573 1310 sub
592 1248 805 1330 qualicumque
846 1265 905 1326 que
920 1265 976 1308 ceu
992 1257 1125 1310 monstra
1140 1268 1174 1310 ac
1189 1251 1326 1313 ultimum
1341 1255 1447 1317 huma·

202 1333 424 1396 modificatione
436 1342 466 1394 et
475 1333 572 1394 iorma
589 1342 757 1412 sequuntur
767 1332 805 1393 ad
847 1330 877 1390 ni
893 1331 1012 1406 generis
1032 1331 1161 1394 dedecus
1180 1336 1333 1414 spectandi
1362 1347 1443 1417 sunt,

202 1417 406 1479 exclusionem
441 1416 503 1478 reri
533 1415 587 1492 Dei
615 1416 803 1496 personalis,
846 1423 937 1494 atque
948 1425 1090 1496 perpetuo
1101 1418 1257 1480 mendaces
1268 1419 1339 1483 dum
1351 1441 1445 1484 suaa·

203 1521 303 1562 rerum
321 1501 456 1562 omnium
468 1519 502 1561 er
517 1500 613 1560 nihilo
628 1499 803 1562 conditoris.
846 1498 935 1576 gendi
946 1499 1062 1560 ratione
1072 1501 1202 1580 practica
1212 1507 1448 1586 evertunt,qnod

203 1585 236 1645 Hi
251 1583 404 1665 siquidem
419 1585 511 1646 lleum
524 1603 592 1645 cum
611 1583 723 1645 mundo
735 1602 807 1644 con·
848 1582 1010 1644 theoretice
1027 1591 1127 1648 tenere
1143 1604 1175 1648 se
1192 1587 1318 1664 tingunt.

203 1669 342 1746 tundunt,
363 1669 438 1730 adeo
457 1677 490 1729 ut
507 1686 575 1732 eum
595 1675 729 1747 spectent
743 1676 807 1728 tau·
890 1667 963 1728 533.
984 1666 1076 1728 Porro
1096 1669 1199 1749 ecquis
1216 1671 1377 1750 negaverit,
1393 1673 1448 1736 has

204 1772 292 1831 quam
310 1753 436 1814 sormam
456 1752 508 1814 Dei
527 1751 705 1813 exteriorem
725 1751 805 1813 eius·
847 1768 952 1812 omnes
972 1750 1126 1814 homiuum
1145 1754 1256 1815 classes
1274 1773 1359 1818 veros
1377 1775 1449 1838 apo·

205 1857 260 1916 que
280 1836 531 1909 emanationem,
560 1854 613 1916 per
632 1855 721 1915 quam
742 1836 805 1916 ipse
846 1842 939 1895 statas
958 1836 1158 1913 constituere,
1177 1837 1229 1917 qui
1258 1857 1311 1919 per
1339 1841 1448 1918 gradus

205 1941 234 1980 se
252 1921 387 1982 exterius
404 1921 513 2000 prodit,
531 1920 652 2000 vimque
670 1928 700 1980 et
714 1920 806 1982 actio·
846 1918 938 1980 veluti
960 1919 1104 1999 quosdam
1134 1921 1229 1998 magis
1257 1941 1291 1983 ac
1317 1924 1411 1999 magis
1430 1945 1448 1987 a

207 2024 269 2065 nem
291 2023 377 2066 suam
393 2005 487 2066 exerit
503 2012 566 2066 tum
582 2004 612 2064 in
624 2004 750 2064 materia
761 2003 806 2064 in·
846 2001 904 2062 fide
921 2002 1097 2080 ahscedunt,
1115 2013 1206 2084 atque
1228 2004 1259 2066 in
1277 2005 1401 2068 totidem
1417 2028 1448 2069 a·

207 2089 367 2165 organica,
392 2097 453 2148 tum
477 2087 507 2148 in
528 2087 657 2169 plantis,
688 2097 750 2150 tum
773 2087 805 2148 in
848 2085 950 2165 byssos
969 2087 1217 2167 profundissimas
1232 2091 1392 2152 corruuut‘l
1408 2089 1447 2153 0-

208 2173 301 2232 brutis
320 2172 551 2249 animantibus,
573 2189 608 2232 ac
626 2171 746 2233 demum
773 2171 804 2232 iu
847 2170 962 2230 muium
984 2170 1090 2232 horum
1115 2171 1199 2250 origo
1218 2173 1314 2252 prima
1339 2192 1448 2255 super-

209 2257 338 2332 homine,
356 2256 387 2316 in
406 2275 466 2336 quo
485 2256 595 2332 cogitat
619 2264 649 2316 et
677 2255 806 2336 acquirit
846 2253 896 2316 bia
910 2263 967 2331 est,
988 2273 1065 2334 quae
1084 2255 1122 2316 ad
1137 2275 1206 2318 eum
1224 2256 1366 2334 modum,
1387 2279 1447 2340 quo

208 2340 407 2417 cognitionem
431 2340 661 2421 suimetipsius,
684 2350 714 2400 et
730 2358 805 2400 con·
845 2339 1026 2418 apostasiam
1043 2339 1210 2419 partialem,
1231 2341 1357 2420 quaein
1376 2343 1448 2405 hae-

209 2433 319 2485 stanter
336 2443 371 2486 se
397 2425 506 2486 euoluit
531 2424 561 2485 in
580 2424 705 2486 historia
723 2423 806 2486 latali
846 2423 906 2482 resi
925 2423 1072 2500 consistit,
1086 2423 1200 2502 genuit,
1214 2425 1257 2486 sic
1271 2426 1450 2488 ethoscon-

211 2508 396 2585 necessitate,
426 2507 604 2589 proficitque
631 2507 688 2568 sub
723 2508 805 2568 omui
845 2505 915 2568 iecit
930 2506 961 2567 iu
980 2507 1160 2587 apostasiam
1180 2509 1297 2589 plenam
1317 2518 1347 2572 et
1362 2511 1451 2573 abso-

210 2601 343 2672 respectu
375 2591 437 2671 (1).
467 2590 718 2667 Quamvisrero,
753 2591 805 2671 qui
845 2589 1452 2667 tutamiunainudscettzmtaomso-

211 2676 355 2737 eiusmodi
372 2686 502 2756 systema
524 2684 686 2751 sectantur,
706 2675 806 2738 athei·
843 2675 1128 2752 praedicaminis,
1147 2686 1316 2756 apostatare
1333 2695 1351 2739 u
1369 2681 1449 2742 Deo:

211 2760 264 2819 smi
281 2760 336 2821 abs
362 2778 395 2821 se
424 2760 696 2822 denominationem
719 2759 805 2820 able·
846 2761 988 2836 quoniam
1005 2761 1041 2821 ab
1058 2776 1101 2836 eo,
1122 2761 1174 2837 qai
1189 2762 1257 2839 feeit
1274 2762 1372 2838 iliram,
1396 2779 1449 2824 re·

212 2853 287 2918 gent,
306 2862 340 2906 re
358 2851 457 2904 tamen
472 2863 543 2905 nera
563 2843 642 2905 athei
661 2844 805 2904 suntlar-
845 2843 933 2904 cessit
950 2860 1001 2904 eor
1019 2844 1093 2918 elas,
1113 2845 1255 2921 qnoniam
1277 2845 1400 2908 initiam
1418 2865 1450 2908 o-

212 2928 276 3003 rati,
298 2937 389 3007 atque
408 2928 439 2988 in
457 2929 614 2989 atheorum
633 2945 756 2990 censum
774 2945 807 2987 o·
845 2926 1043 3003 maispeccoti
1056 2935 1097 2988 est
1111 2929 1260 3005 soperbia.
1279 2928 1450 3002 Qititeaae-

214 3013 309 3072 mnino
320 3011 472 3072 referendi
491 3012 552 3091 (a).
845 3009 889 3071 rit
907 3010 991 3072 illam
1006 3011 1216 3090 adimplebitur
1233 3012 1406 3089 maledictis,
1423 3023 1450 3076 et

251 3097 322 3157 531.
343 3093 484 3166 Quartam
508 3097 634 3157 classem
653 3103 806 3175 apostata·
846 3095 995 3156 samartet
1018 3112 1084 3156 eam
1100 3095 1132 3156 iu
1150 3097 1240 3174 fierem
1258 3095 1319 3176 (1).
1333 3094 1450 3168 Quibus

214 3196 274 3240 rum
287 3181 474 3242 constituunt
486 3179 566 3241 athei
583 3179 735 3256 formales,
753 3179 807 3258 qni
846 3178 946 3240 verbis
967 3178 1106 3258 graphice
1131 3187 1162 3240 et
1188 3179 1307 3242 initium
1332 3191 1363 3244 et
1380 3199 1452 3262 pro·

214 3264 256 3323 vel
276 3264 370 3343 ipsam
390 3263 443 3324 Dei
461 3282 520 3324 non
548 3264 646 3326 solum
675 3263 807 3324 existen·
845 3277 968 3338 gressus
990 3261 1157 3342 apostasiae
1186 3262 1391 3342 designantur.
1419 3265 1450 3327 I-

216 3358 281 3408 nam
301 3347 471 3429 repudiant,
492 3347 607 3411 sedvel
630 3346 725 3426 ipsam
742 3346 807 3408 eius
847 3344 965 3426 deoque
983 3364 1042 3406 non
1066 3355 1123 3408 tam
1143 3345 1181 3408 ab
1207 3365 1309 3410 errore
1327 3349 1450 3411 intelle-

215 3432 362 3492 notionem
380 3479 389 3508 ,
406 3431 481 3492 adeo
499 3441 533 3492 ut
554 3449 615 3492 non
636 3429 695 3490 nisi
713 3430 806 3492 saturn
847 3437 925 3506 otus,
943 3449 1032 3510 quam
1051 3429 1298 3510 acupiditatibns
1314 3451 1350 3494 ac
1361 3451 1451 3513 praua

216 3533 248 3572 ac
259 3525 393 3577 naturam
407 3515 575 3593 admittant,
591 3514 760 3576 libertatem
776 3533 808 3574 o·
846 3513 1000 3574 voluntate
1024 3513 1177 3574 exordium
1208 3515 1343 3576 omnium
1373 3516 1449 3578 ista-

217 3617 309 3660 mnem
328 3619 363 3660 ao
395 3599 555 3661 essentiale
581 3598 707 3660 boniac
736 3595 808 3659 mali
846 3613 914 3657 rum
927 3595 1149 3658 aberrationum
1160 3597 1254 3677 repeti
1267 3598 1453 3677 debet,quae
1510 3663 1513 3669 ,

217 3683 370 3744 discrimen
388 3683 579 3759 inficiantur,
599 3700 634 3744 ac
650 3690 808 3762 propterea
847 3687 1070 3760 superstructae
1092 3680 1217 3740 suntad
1237 3681 1360 3761 pallium
1380 3681 1453 3762 ipsis

218 3768 308 3828 ureriti
323 3787 359 3829 ac
377 3767 535 3844 demeriti,
551 3766 670 3827 virtutis
695 3774 725 3826 et
744 3765 807 3827 uitii
847 3762 1065 3826 inducendum.
1083 3763 1167 3826 Tolle
1182 3764 1366 3845 superbiam,
1383 3767 1454 3828 tolle

218 3851 347 3913 notiones
365 3851 410 3912 uti
422 3869 512 3912 narras
540 3870 575 3912 ac
592 3868 683 3911 seusu
700 3868 808 3912 vacuas
848 3847 1043 3929 cupiditates,
1063 3856 1093 3910 et
1112 3849 1263 3928 apostasia
1280 3847 1378 3910 amuis
1396 3849 1453 3912 sub

218 3952 297 3995 noces
317 3934 430 3996 habent
446 3935 508 4015 (3).
848 3931 955 4012 quovis
978 3941 1115 4011 respectu
1143 3931 1205 3993 sive
1230 3933 1365 4014 partialis
1393 3933 1455 3996 sire

255 4020 324 4082 532.
349 4018 460 4090 Quinta
488 4019 608 4080 demum
638 4015 744 4078 classis
772 4035 808 4078 er
848 4016 950 4078 totalis
968 4033 986 4075 a
1006 4014 1116 4076 mundo
1136 4016 1280 4079 exulabit.

248 4218 282 4286 11)
298 4218 340 4269 ct.
351 4217 443 4278 lieret,
455 4216 529 4268 Esset
545 4230 590 4268 sor
604 4218 625 4265 le
643 4213 806 4266 Pontidisme.
847 4230 905 4278 quea
922 4213 1042 4266 derivatas
1064 4218 1092 4264 cle
1116 4231 1159 4265 aros
1172 4219 1245 4278 joam
1262 4231 1309 4282 par
1333 4215 1455 4284 i’Evdque

247 4289 283 4351 (1)
299 4287 339 4338 Ci.
357 4285 446 4352 Lupus
462 4287 504 4336 Da
520 4285 726 4336 traditionalisnts
742 4287 808 4334 eldat
847 4279 994 4333 domena.
1017 4281 1125 4334 Orleaus
1150 4288 1225 4334 1865.
1251 4285 1312 4334 ltem
1331 4299 1396 4350 opus
1413 4287 1455 4335 in-

218 4354 389 4413 rationalisme,
400 4352 452 4402 voi.
464 4356 491 4402 5.
848 4349 992 4415 seriptum:
1013 4349 1123 4400 Toblcaa
1141 4354 1182 4400 des
1202 4356 1262 4400 troia
1279 4352 1396 4414 dpoques,
1421 4367 1454 4400 ou

249 4423 282 4486 15)
295 4422 330 4471 lie
342 4420 438 4487 quibus
455 4417 554 4468 consuli
572 4425 656 4482 potest
673 4415 809 4481 elegantis·
851 4416 935 4467 Prdeis
952 4421 1085 4480 lictorique
1103 4422 1238 4480 sterilique
1256 4421 1283 4466 de
1306 4422 1330 4466 lo
1348 4421 1454 4468 doctrine

219 4485 302 4539 simum
321 4491 371 4538 iam
394 4491 438 4537 cit.
463 4487 656 4538 Auertissemeat
678 4485 737 4534 dle
750 4487 808 4547 J'su·
848 4487 889 4534 des
903 4487 1058 4548 philosophas
1076 4490 1162 4546 auant,
1184 4489 1324 4547 psadantet
1343 4485 1412 4549 oprls
1430 4488 1458 4536 lu

218 4568 274 4604 aeras
295 4560 317 4606 el
335 4572 387 4605 aaa
401 4553 471 4618 peres
493 4557 520 4603 de
539 4555 645 4614 familie,
658 4567 702 4600 aar
720 4555 753 4601 les
771 4555 810 4600 ol·
848 4553 997 4603 revolution.
1011 4553 1093 4602 'lours
1108 4557 1184 4603 1857.

220 4625 292 4685 laques
308 4625 502 4687 diriqdescontre
521 4623 546 4670 lo
562 4619 726 4683 reliqt'onpor
745 4621 809 4668 ruel·
883 4619 968 4687 (t)X,
984 4624 1026 4682 rt,
1041 4623 1081 4670 15.
1137 4660 1140 4669 ,
