3700 5659
755 530 851 574 curun
871 531 910 574 rx.
1375 519 1415 579 bil

192 622 341 684 trinseca
355 629 412 700 est,
429 639 508 702 qnae
528 621 624 682 oritur
636 639 653 681 a
666 619 813 698 claritate,
856 615 992 698 indubia,
1017 639 1051 683 ae
1068 632 1187 701 praeter
1204 643 1321 688 omnem
1343 626 1462 690 dubita·

193 727 262 786 qua
282 706 399 768 veritas
417 708 519 787 aliqua
535 707 640 782 lulget,
655 722 709 765 seu
727 704 765 766 ab
780 723 815 766 e·
836 707 837 712 ’
857 704 948 766 tionis
966 707 1062 767 aleam
1083 708 1262 770 certissima.

195 791 360 867 videntia,
388 809 447 871 qua
477 792 518 852 ita
537 789 675 870 percellit
694 788 815 850 intelle·
899 789 1242 872 tibSauemtaprimo
1255 795 1458 873 exordiamur,

196 885 307 952 ctum,
330 882 364 935 ut
381 875 408 935 is
425 874 463 936 ab
495 893 531 935 ea
549 873 640 935 veluti
658 871 813 952 rapiatur3
857 873 931 953 quid
946 873 1076 950 certius,
1101 874 1194 937 Deum
1215 895 1270 938 nec
1290 879 1388 960 decipi
1406 900 1460 942 nec

198 959 391 1034 extrinseca,
407 978 467 1039 qua
484 958 596 1019 nudam
615 956 815 1034 cognitionem
836 1008 838 1017 ,
857 957 995 1038 decipere
1009 959 1113 1038 posse‘?
1123 959 1208 1021 Esset
1218 961 1297 1023 enim
1311 965 1355 1024 vel
1365 963 1458 1044 ipsam

199 1046 237 1104 de
257 1042 414 1119 veritatis,
434 1051 468 1104 ut
488 1043 584 1118 aiunt,
606 1040 762 1102 existentia
782 1059 816 1101 ex
857 1039 909 1102 Dei
928 1041 1025 1103 ideam
1045 1042 1210 1121 destruere,
1229 1046 1281 1106 ubi
1297 1049 1389 1109 semel
1406 1049 1463 1108 sin·

199 1127 404 1204 auctoritate,
424 1145 478 1188 scu
498 1126 626 1188 aliorum
645 1124 816 1186 testimonio
856 1126 946 1203 ieris,
964 1145 1051 1207 posse
1064 1126 1156 1189 Deum
1175 1147 1192 1189 a
1208 1131 1331 1192 veritate
1345 1141 1397 1193 aut
1412 1151 1464 1193 ve-

200 1211 414 1290 acquirimus.
857 1211 981 1272 recitate
1000 1210 1147 1272 excidere.
1171 1210 1219 1272 Sic
1239 1213 1329 1276 etiam
1349 1234 1461 1276 secun-

243 1296 330 1357 225.
351 1295 525 1372 Certitudo,
553 1311 644 1374 quam
675 1291 742 1353 beic
760 1291 816 1354 ad·
857 1292 907 1369 do,
924 1295 1136 1356 revelationem
1155 1287 1221 1358 cs'se
1238 1298 1358 1376 laetam,
1375 1318 1461 1360 eam-

185 1373 372 1456 'struimus,
392 1381 549 1442 veritatum
569 1377 637 1438 tidei
652 1377 816 1438 catholicae
857 1395 917 1457 que
942 1379 973 1440 in
994 1378 1157 1441 christiana
1188 1381 1331 1458 religione
1361 1384 1461 1445 conti-

200 1466 349 1544 prolecto
371 1483 432 1524 non
461 1473 507 1525 est
534 1461 718 1538 intrinseca,
738 1479 817 1541 qua·
858 1461 935 1537 neri,
957 1471 1000 1524 tot
1029 1472 1151 1543 tamque
1174 1465 1334 1546 conspicua
1350 1477 1379 1528 et
1397 1468 1463 1528 evi-

202 1553 262 1608 lem
281 1567 398 1628 nempe
414 1549 491 1629 parit
508 1546 666 1623 evidentia,
686 1563 740 1606 scu
758 1563 818 1625 qua
855 1545 1144 1625 dentiaargumenta
1156 1548 1372 1624 demonstrant,
1385 1551 1461 1612 utin

204 1633 286 1693 ratio
301 1650 411 1693 earum
424 1633 584 1693 essentiam
598 1629 696 1692 videat
707 1637 737 1690 et
748 1647 820 1690 con·
859 1630 1025 1692 meridiana
1047 1632 1114 1692 luce
1131 1633 1281 1695 caecutire
1301 1643 1461 1715 oporteat,

203 1717 372 1778 nexionem
389 1717 536 1778 ostendat.
556 1712 711 1778 Eiusmodi
737 1713 817 1775 enim
859 1713 910 1793 qui
931 1715 960 1774 id
978 1715 1103 1776 inliciari
1118 1716 1199 1778 velit.
1218 1717 1322 1779 Tertio
1342 1719 1462 1780 demum

203 1800 376 1878 certitudo,
398 1819 433 1861 eo
456 1801 521 1881 ipso
540 1798 670 1879 quodex
694 1797 817 1859 eviden-
859 1797 1017 1860 inlallibile
1045 1817 1110 1860 esse
1143 1801 1287 1863 ecclesiae
1318 1803 1462 1881 inagiste-

206 1886 247 1946 tia
258 1895 291 1946 et
314 1885 443 1946 scientia
463 1884 589 1960 oriatur,
610 1883 698 1942 iidem
722 1881 816 1962 ipsam
858 1881 950 1958 rium,
972 1893 1090 1964 praeter
1113 1884 1309 1947 disertissima
1328 1885 1464 1967 Scriptu-

205 1969 399 2044 excluderet,
421 1987 498 2049 quae
516 1987 549 2029 ex
571 1967 618 2027 sui
638 1966 759 2027 notione
774 1966 818 2027 uti
858 1984 960 2027 rarum
981 1968 1152 2030 testimonia
1188 1978 1362 2050 perpetuam
1387 1989 1463 2030 con-

207 2054 237 2113 in
258 2073 352 2134 prop.
369 2051 404 2112 ll.
420 2053 617 2126 ostendimus,
633 2050 754 2112 involvit
766 2051 819 2112 ob·
858 2058 1048 2131 stantemque
1071 2052 1301 2114 christianorum
1324 2054 1465 2115 traditio-

207 2139 403 2198 scuritatem.
859 2151 953 2211 nem,
974 2135 1142 2196 luculenter
1173 2137 1280 2198 evincit
1298 2138 1363 2219 ipsa
1381 2138 1465 2198 chri-

251 2221 333 2283 226.
356 2220 450 2297 igitur
464 2219 624 2296 certitudo,
645 2236 733 2299 quam
752 2218 822 2279 lidei
859 2217 974 2279 stianae
996 2219 1141 2282 ecclesiae
1160 2219 1317 2298 institutio,
1340 2223 1389 2282 cui
1409 2241 1464 2283 ea-

210 2306 417 2381 xindicamus,
437 2315 482 2366 est
500 2304 676 2365 extrinseca:
697 2301 752 2362 bac
768 2321 819 2364 ve·
860 2301 928 2363 dem
944 2303 1163 2384 adstipulantur
1177 2303 1385 2366 credibilitatis
1404 2325 1468 2366 rno-

214 2410 246 2450 ro
265 2389 452 2451 certitudine
468 2390 581 2470 pollere
598 2387 748 2448 obiectum
761 2387 821 2447 lor·
861 2386 946 2462 tiva,
973 2407 1071 2468 quae,
1105 2389 1233 2450 divinam
1262 2389 1370 2450 laetam
1400 2409 1467 2450 esse

215 2475 292 2536 male
313 2473 385 2534 fidei
404 2473 434 2533 in
464 2482 603 2534 concreto
629 2478 819 2552 spectatum,
861 2472 1084 2549 revelationem,
1099 2473 1291 2552 patefaciunt,
1306 2473 1386 2535 iuxta
1398 2493 1468 2534 ana-

218 2559 305 2620 lacile
323 2567 417 2639 patet.
439 2557 471 2618 ln
497 2565 656 2628 concreto,
676 2555 819 2635 inquam:
862 2555 951 2634 lysin,
972 2575 1061 2635 quam
1081 2555 1112 2616 in
1144 2557 1332 2637 praecedenti
1351 2575 1464 2637 propo-

218 2643 328 2703 etcnim
346 2643 497 2703 obiectum
507 2641 633 2702 lormalc
644 2638 712 2700 iudei
728 2659 824 2719 quan·
863 2639 972 2699 sitione
998 2639 1184 2701 instituimus
1204 2641 1264 2720 (l).
1292 2640 1379 2701 Nulla
1395 2659 1465 2718 ergo

219 2727 316 2807 doque
336 2728 487 2789 abstracte
505 2734 620 2786 tantum
647 2732 819 2803 spectatur,
864 2741 898 2783 ex
929 2731 1012 2803 parte
1032 2725 1095 2784 fleri
1115 2733 1223 2803 potest,
1245 2733 1277 2785 ιιι
1297 2743 1382 2785 error
1400 2725 1468 2785 lidei

222 2813 333 2873 seilicet
351 2811 462 2872 veritas
481 2809 589 2890 prima,
609 2816 639 2868 et
655 2817 725 2868 tunc
744 2807 822 2868 idem
864 2807 1024 2886 subrepat:
1046 2826 1123 2888 quae
1143 2825 1212 2883 ergo
1246 2809 1302 2868 lide
1321 2807 1469 2868 credenda

230 2903 309 2956 senat
326 2914 362 2957 ac
388 2894 532 2955 motivum
561 2892 687 2953 formale
706 2899 736 2952 et
750 2891 824 2952 ulti-
864 2899 1088 2970 proponuntur,
1118 2899 1188 2952 sunt
1205 2891 1280 2952 citra
1300 2909 1388 2951 omne
1417 2909 1468 2952 cr-

235 2995 309 3039 mum
326 2979 418 3040 lidei:
444 2977 625 3059 quandoque
650 2993 719 3036 vero
739 2975 826 3035 obic-
865 2974 950 3035 randi
967 2975 1133 3054 pericnlum
1153 2975 1330 3037 certissima.

230 3071 307 3123 ctum
324 3064 449 3125 lermale
466 3061 534 3123 fidei
547 3067 700 3141 spectatur
712 3059 743 3119 in
755 3077 827 3120 con·
908 3059 983 3119 228.
1008 3058 1085 3120 Haec
1118 3059 1219 3120 ornnia
1255 3059 1472 3120 confirmantur

227 3156 315 3225 creto,
335 3156 449 3209 ettunc
463 3145 673 3226 complectitur
688 3151 750 3204 tum
763 3161 827 3204 mo·
869 3150 930 3202 tum
951 3161 986 3203 ex
1002 3141 1165 3224 Scriptura,
1186 3153 1248 3205 tum
1265 3163 1298 3205 ex
1319 3143 1470 3205 Patribus.

227 3230 314 3293 tivum
333 3231 475 3292 ultimum
500 3229 569 3291 ndei
587 3228 617 3288 in
633 3247 677 3306 se,
698 3236 760 3290 turn
780 3237 828 3289 et·
867 3225 941 3288 Nam
960 3226 1010 3288 Ps.
1024 3245 1092 3304 xcvi,
1108 3229 1127 3288 5
1146 3228 1266 3289 dicitur:
1291 3230 1471 3295 Testimooio

224 3313 280 3375 iam
299 3315 368 3378 eius
396 3315 626 3396 applicationem
657 3320 827 3374 concretam
869 3320 921 3372 tuo
941 3313 1096 3374 credibilia
1113 3315 1195 3392 sacto
1216 3321 1285 3375 xoret
1306 3314 1396 3374 trimis
1405 3335 1418 3386 ;
1436 3332 1471 3374 ac

222 3408 250 3458 et
268 3400 405 3480 proxima
422 3399 533 3460 motiva
549 3398 648 3478 quoad
661 3416 727 3458 nos.
745 3394 828 3466 Quae
869 3395 893 3455 l.
910 3394 955 3456 lo.
975 3413 996 3470 1,
1016 3397 1050 3457 t:
1076 3392 1141 3458 Vite
1158 3398 1348 3477 nturtisestctu
1366 3406 1425 3473 cst,
1447 3406 1473 3457 rt

221 3483 343 3562 quidem
381 3491 451 3544 sunt
472 3490 649 3559 argumenta
671 3480 828 3542 credibili·
869 3480 1016 3555 vidimus,
1036 3489 1063 3542 et
1081 3489 1240 3557 testemur,
1260 3489 1288 3543 et
1307 3482 1475 3542 ennuntia-

223 3568 300 3645 tatis,
315 3586 396 3648 quae
410 3567 447 3628 ad
468 3565 650 3628 credendum
669 3565 826 3641 inducunt,
869 3580 936 3625 matr
958 3565 1038 3624 vobis
1053 3564 1147 3626 eitam
1166 3574 1335 3638 aeternnm,
1358 3581 1431 3641 parce
1446 3583 1475 3625 e-

222 3652 352 3712 divinam
373 3652 585 3712 revelationem
609 3667 675 3710 esse
694 3650 827 3724 iactam,
870 3656 919 3708 rot
941 3649 1021 3726 opud
1048 3649 1167 3709 Patrem
1185 3695 1193 3724 ,
1213 3656 1239 3709 rt
1262 3647 1403 3727 apparuit
1421 3665 1476 3708 nn·

223 3754 352 3816 eamque
367 3736 397 3795 in
413 3735 576 3796 christiana
595 3733 740 3810 religione
755 3751 829 3792 con·
872 3733 925 3794 bis.
950 3731 991 3792 Ex
1010 3731 1144 3811 patribus
1163 3749 1232 3792 vero
1251 3747 1473 3792 commemora-

223 3820 333 3896 lineri,
367 3838 402 3880 ac
434 3819 580 3880 ecclesiae
599 3816 827 3893 magisterium,
871 3835 938 3876 mus
957 3835 982 3876 ι.
1004 3815 1315 3896 lodbrysostcmum,
1330 3814 1382 3894 qui
1401 3817 1476 3876 seri-

222 3921 281 3980 quo
304 3903 470 3980 docemur,
491 3921 566 3978 eas,
588 3900 830 3981 quascredimus
872 3900 945 3961 bens
976 3899 1013 3960 de
1047 3899 1255 3961 credibilitatis
1288 3898 1382 3975 signis
1400 3899 1475 3960 baec

223 3988 376 4062 veritates,
398 4005 465 4048 esse
496 3985 639 4046 divinitus
670 3985 828 4045 revelatas.
871 3984 972 4045 babet:
997 3985 1105 4046 Νιιιιιιι
1120 3985 1166 4046 bia
1184 3983 1413 4057 contradicerit,
1429 3985 1477 4046 ni-

223 4072 312 4152 dtqui
331 4071 390 4132 tria
405 4072 480 4132 haec
498 4069 616 4148 singula
634 4067 744 4129 motiva
761 4075 831 4129 sunt
870 4069 898 4129 ai
916 4069 983 4146 puis
1001 4069 1085 4130 uelde
1103 4069 1268 4130 insonttsct
1289 4075 1368 4130 ιοιιιι
1383 4069 1477 4148 stupi-

871 4153 928 4214 dttx
946 4153 985 4213 sit
1002 4152 1063 4232 (ip
1084 4152 1153 4214 item
1173 4171 1199 4213 s.
1217 4151 1418 4228 Augustinum
1433 4153 1476 4213 sic

255 4271 293 4339 (ι)
310 4268 352 4323 Cl.
372 4268 394 4320 si
413 4268 495 4330 lubet,
514 4276 625 4319 nestram
644 4266 831 4318 dissertatite-

224 4337 274 4388 lieo
299 4337 424 4389 idiomate
453 4338 640 4404 conscriptam:
666 4334 741 4386 Dctlc
758 4340 831 4384 deno-
872 4333 1022 4402 Watlwlcy,
1041 4343 1063 4384 ct
1091 4335 1117 4384 in
1142 4332 1284 4400 appendice
1301 4331 1477 4384 addoctorvm

225 4410 363 4456 extinctione
386 4408 427 4455 ιιι
445 4407 470 4454 lo
491 4403 581 4454 Obiere
603 4405 719 4452 celtolleo
739 4403 832 4453 ddotle
873 4403 978 4468 stanley
991 4402 1072 4454 Faber
1091 4404 1228 4469 Anglican.

223 4474 363 4523 comaoidni
384 4476 416 4522 de
440 4473 472 4521 let'
489 4475 583 4535 dieite,
601 4471 628 4520 dt'
644 4473 746 4520 creticae
770 4487 783 4520 e
808 4474 833 4519 di
907 4474 944 4538 (2)
966 4469 993 4520 lu
1020 4478 1086 4520 orat.
1109 4473 1180 4536 Quod
1207 4469 1322 4520 Christos
1340 4472 1372 4518 sit
1396 4465 1476 4528 Deera,

224 4545 375 4590 ariennetictxc
389 4542 456 4589 inter
474 4539 598 4606 opuscula
611 4538 772 4605 theologica,
787 4537 833 4588 tlt·
873 4553 934 4605 opp.
949 4536 992 4589 ed.
1006 4537 1109 4600 Nivelli3
1123 4537 1203 4600 l'aris,
1216 4539 1291 4595 1581,
1302 4544 1365 4588 ιοιιι.
1379 4539 1405 4596 5,
1417 4550 1477 4600 pag.

226 4607 284 4657 tono
303 4612 380 4667 rese,
395 4607 446 4658 vol.
461 4611 485 4667 1,
500 4615 567 4674 part.
580 4621 607 4668 z,
620 4605 743 4656 adversus
755 4619 832 4671 pseu·
875 4609 950 4658 1109.
965 4608 993 4656 ln
1004 4605 1116 4655 editione
1128 4621 1189 4655 vero
1202 4602 1401 4664 llcntluuconii,
1415 4609 1477 4651 torn.

230 4673 413 4744 doepisropum
443 4673 634 4726 dubliniensem
668 4673 833 4742 anglicanum
876 4678 901 4736 l,
925 4675 1139 4743 populatione
1157 4669 1246 4723 cedem
1265 4671 1301 4722 sie
1321 4669 1480 4722 elleruntura
