3700 5659
395 472 455 534 lhh
915 479 954 523 nr:
973 478 1027 523 seu

350 585 560 659 theologorum
590 584 619 639 et
649 581 766 656 patrum
793 570 952 649 doctriua,
997 580 1026 634 et
1045 572 1207 636 humanam
1232 595 1285 638 seu
1312 583 1500 662 naturalem,
1522 596 1606 650 atta·=

350 671 396 732 ita
416 677 449 730 ut
478 661 661 726 contrarium
681 676 817 720 asserere
838 654 875 719 ad
894 656 954 718 mi·
996 675 1064 718 men
1084 677 1119 720 ca
1132 670 1246 739 spectat
1261 662 1355 725 Deum
1368 669 1471 746 potius
1486 680 1519 730 ut
1532 691 1602 734 cau·

350 773 409 816 nus
427 766 586 812 erroneum
605 743 716 824 sit(l).
995 759 1058 802 sam
1095 743 1273 806 efficientem
1309 756 1338 808 et
1376 753 1599 832 extrinsecam,

396 838 447 900 33.
468 833 533 905 Quo
548 832 624 894 iacto
640 829 726 890 firmo
746 824 952 902 fundamento,
995 844 1084 904 quam
1102 835 1134 887 ut
1147 827 1296 891 obiectum
1313 832 1439 896 turmale
1454 847 1486 898 et
1498 839 1604 900 intrin-

350 924 398 984 sic
418 921 551 982 instauro
570 919 796 994 argumentum:
827 909 890 970 Nisi
917 929 953 970 a·
994 927 1096 972 secum
1108 911 1167 991 (5).
1189 911 1291 975 Restat
1304 915 1406 995 igitur,
1428 929 1462 980 ut
1479 925 1604 984 conclu-

350 1025 419 1069 mor
436 999 698 1083 concupiscentiae
720 995 956 1072 distingueretur
994 992 1112 1087 damus,
1133 997 1271 1058 nonalia
1290 1000 1406 1062 ratione
1428 1023 1520 1084 quam
1543 1007 1603 1068 oh-

351 1093 391 1153 ab
414 1107 516 1152 amore
548 1079 785 1156 benevolentiae,
815 1078 875 1138 iam
895 1096 955 1139 non
995 1077 1229 1158 tectiformalis,
1251 1083 1333 1161 quod
1361 1093 1407 1146 est
1433 1088 1549 1151 bonum
1573 1091 1610 1151 in·

350 1174 483 1254 amplius
519 1169 776 1246 distinguerentur
810 1161 888 1228 inter
922 1179 955 1222 se
995 1179 1039 1233 sc,
1061 1161 1218 1224 othonum
1238 1175 1386 1245 nostrum,
1409 1170 1484 1233 duos
1503 1174 1610 1236 hosa-·

351 1261 477 1320 uirtutes
495 1254 558 1336 spei
577 1261 607 1316 et
624 1247 756 1314 caritatis
775 1245 807 1306 in
823 1265 877 1307 suo
897 1244 955 1306 ob·
997 1263 1107 1339 morea,
1125 1247 1241 1308 scilicet
1257 1268 1391 1313 amorem
1407 1302 1416 1330 ,
1441 1275 1502 1335 quo
1521 1258 1605 1319 Deus

351 1343 430 1404 53010
444 1336 575 1402 formali,
996 1346 1027 1388 ιιι
1046 1347 1079 1390 se
1095 1337 1125 1390 et
1138 1339 1260 1410 propter
1277 1352 1311 1394 se
1330 1334 1482 1415 diligitur,
1503 1359 1539 1402 ac
1558 1342 1604 1402 di-

397 1425 449 1487 3l.
473 1421 603 1496 Etenim,
624 1417 744 1498 dempta
765 1411 957 1476 distinctione
996 1411 1075 1472 citur
1091 1413 1328 1502 benevolentiae,
1346 1429 1526 1486 clamorem
1542 1443 1605 1505 quo

353 1509 513 1587 utriusque
533 1503 657 1580 amoris,
679 1497 903 1562 benevolentiae
928 1504 959 1558 et
996 1495 1076 1558 Deus
1094 1497 1242 1576 diligitur,
1264 1502 1296 1562 ut
1315 1511 1360 1564 est
1380 1504 1477 1567 bonus
1501 1509 1614 1587 nohisp

353 1588 629 1671 concupiscentiae,
647 1603 701 1666 per
720 1601 811 1664 quam
829 1581 860 1642 in
875 1579 959 1642 ohie·
997 1588 1028 1641 et
1048 1583 1311 1664 concupiscentiae
1326 1598 1532 1670 nuncupatur,
1554 1592 1604 1653 in-

353 1686 403 1738 cto
423 1695 477 1738 suo
497 1670 617 1736 turmali
635 1687 703 1750 spes
729 1665 887 1730 ac'aritate
905 1684 957 1727 se·
999 1673 1044 1726 ter
1072 1684 1104 1726 se
1122 1665 1286 1746 distingui,
1306 1669 1435 1752 ideoque
1454 1683 1484 1736 et
1505 1675 1604 1737 rirtu-

353 1765 540 1833 cerneretur,
560 1756 606 1816 vix
623 1751 706 1816 aliud
725 1751 885 1812 discrimen
908 1749 958 1809 in·
998 1756 1042 1810 tes
1056 1749 1120 1830 spei
1141 1758 1170 1812 ct
1187 1752 1319 1815 caritatis
1339 1759 1403 1835 pari
1422 1758 1541 1820 ratione
1558 1760 1605 1821 di-

355 1854 402 1914 ter
412 1852 569 1921 utramque
580 1839 719 1900 virtutem
732 1833 877 1910 assignari
892 1852 960 1914 pos·
999 1832 1122 1912 stingui,
1139 1843 1228 1916 prout
1243 1837 1355 1899 habent
1369 1841 1552 1904 alterutrum
1571 1864 1605 1905 a·

354 1939 412 1990 set.
434 1925 586 2006 Siquidem
603 1930 654 1984 aut
669 1918 861 1982 constituitur
878 1917 960 1979 istud
1000 1935 1115 1978 morem
1134 1937 1187 1998 pro
1207 1920 1326 1985 obiecta
1349 1923 1480 2003 iormali,
1511 1946 1548 1988 ac
1568 1947 1603 1988 u·

353 2011 530 2086 discrimen,
550 2017 583 2071 ut
601 2005 694 2086 aliqui
713 2003 906 2079 contendunt,
928 2001 960 2062 in
1000 2008 1141 2081 trumque
1169 2022 1304 2066 amorem
1324 2005 1436 2068 bonum
1457 2028 1546 2088 esse,
1568 2011 1603 2073 li-

355 2117 406 2174 eo,
427 2093 508 2176 quod
525 2092 634 2154 caritas
658 2096 772 2170 spectet
791 2087 883 2149 lleum
903 2085 959 2147 ab·
1000 2094 1048 2146 cet
1066 2087 1142 2146 alter
1159 2087 1198 2147 sit
1213 2088 1307 2150 altero
1327 2091 1499 2171 perfectior.

356 2181 457 2242 solute
472 2179 529 2240 suh
544 2177 661 2238 ratione
678 2173 749 2234 honi
765 2171 912 2250 illumque
929 2190 961 2231 a·
1044 2170 1095 2231 35.
1116 2169 1230 2232 Exinde
1248 2173 1411 2252 colligitur,
1429 2176 1538 2240 merito
1554 2178 1604 2240 da·

357 2275 431 2341 met,
449 2259 673 2342 spesverosub
691 2257 808 2318 ratione
825 2253 911 2316 ardui
931 2262 962 2315 et
1001 2262 1132 2315 mnatam
1166 2273 1233 2316 esse
1264 2256 1301 2318 ah
1335 2257 1506 2321 Alexandro
1540 2261 1603 2323 Vlll

355 2345 527 2408 excedentis
546 2341 677 2405 hominis
698 2340 895 2414 facultatem,
921 2337 960 2398 il·
1001 2337 1236 2418 propositionem
1251 2356 1321 2403 xm:
1357 2343 1499 2422 Quisquis
1517 2347 1604 2408 etium

361 2431 474 2510 ludque
493 2437 592 2508 speret
606 2427 674 2506 (ὣς
700 2431 752 2485 aut
769 2420 962 2483 constituitur
1001 2431 1137 2483 aeternae
1156 2426 1296 2486 mercedis
1325 2427 1444 2489 intuitu
1472 2430 1534 2491 Deo
1556 2432 1604 2510 so·

362 2515 393 2576 in
413 2533 461 2589 eo,
482 2511 563 2592 quod
578 2510 686 2571 caritas
708 2505 809 2568 tendet
822 2505 853 2566 in
872 2505 962 2566 boni·
1001 2507 1147 2583 mutatur,
1161 2509 1321 2570 coritoteci
1331 2522 1441 2587 cureat,
1458 2513 1534 2576 citio
1549 2532 1604 2575 nort

358 2608 463 2676 tatem,
481 2615 548 2677 spes
566 2613 634 2656 vero
652 2592 683 2654 in
701 2589 961 2672 omnipotentiam,
1002 2597 1095 2668 curet,
1117 2592 1229 2668 quotics
1243 2594 1357 2655 intuitu
1385 2594 1452 2656 ticet
1480 2597 1603 2659 beatitu-

357 2701 414 2746 seu
434 2682 464 2743 in
484 2680 578 2742 Deum
596 2679 628 2740 in
656 2695 689 2738 se
719 2675 850 2752 bonum,
876 2682 905 2736 et
932 2675 963 2735 in
1003 2674 1084 2735 dinis
1102 2684 1244 2753 operatur
1258 2677 1318 2757 (6).
1341 2677 1395 2738 Ast
1423 2677 1460 2739 de
1485 2680 1533 2740 his
1549 2681 1603 2741 ite-

361 2764 711 2838 Deumauxiliantem,ut
725 2759 777 2822 alii
788 2759 891 2820 volunt
899 2759 961 2840 (3).
1003 2775 1083 2842 rum,
1101 2766 1135 2820 ut
1151 2761 1410 2840 praemonuimus,
1429 2762 1483 2824 ubi
1503 2762 1541 2825 de
1554 2783 1602 2825 ca-

360 2849 470 2914 Verum
483 2857 589 2910 neutra
604 2845 752 2909 sententia
766 2843 882 2906 admitti
895 2861 965 2924 pos·
1003 2841 1103 2903 ritate.
1413 2837 1500 2867 “⁴‘'

359 2955 395 2996 se
410 2935 538 2996 ridetur.
557 2931 622 2994 Non
645 2929 753 3010 prima,
773 2928 844 3008 quia
859 2925 963 2988 ardui-

362 3027 409 3081 tas
432 3037 485 3100 per
502 3036 534 3078 se
559 3013 688 3078 alicuius
708 3011 753 3074 rei
770 3031 830 3072 non
848 3010 965 3073 inducit

360 3103 400 3163 ad
419 3099 625 3182 sperandum,
656 3095 709 3158 sed
735 3096 835 3177 potius
857 3094 894 3156 ad
912 3109 986 3213 rep
1046 3091 1098 3154 36.
1120 3091 1145 3153 l.
1179 3091 1246 3156 Ohi.
1281 3095 1311 3156 l.
1342 3095 1604 3177 l‘ropugnatado·

363 3185 542 3246 trahendum
559 3203 576 3244 a
595 3199 662 3262 spe3
684 3179 709 3241 si
727 3187 826 3240 autem
844 3187 963 3259 specta-
1002 3177 1098 3238 ctrina
1117 3176 1292 3240 adversatur
1309 3197 1336 3240 s.
1352 3182 1541 3261 Augustino,
1555 3185 1603 3264 qui

364 3278 414 3328 tor
428 3265 603 3329 excellentia
627 3273 657 3326 et
676 3262 812 3324 absentia
830 3261 961 3340 obiecti,
1003 3270 1163 3341 utramque
1181 3262 1321 3324 virtutem
1339 3265 1403 3344 spei
1423 3274 1453 3326 et
1474 3268 1604 3328 caritatis

361 3353 437 3414 haec
472 3349 589 3412 caritati
617 3345 789 3410 communia
811 3353 881 3406 sunt
899 3345 961 3426 (l).
1003 3343 1184 3406 adeuntem
1210 3365 1344 3408 amorem
1367 3348 1470 3410 refert.
1498 3349 1605 3412 Scribit

361 3435 426 3497 Non
445 3437 561 3511 altera,
594 3431 681 3512 quia,
704 3429 759 3492 etsi
789 3449 890 3491 nerum
911 3430 961 3508 sit,
1003 3427 1084 3490 enim
1096 3429 1127 3490 in
1140 3428 1195 3490 lih.
1211 3430 1255 3492 De
1266 3432 1451 3512 perfectione
1462 3434 1603 3497 iustitiae:

359 3519 468 3583 exinde
489 3516 631 3580 coristitui
656 3513 854 3576 differentiam
886 3513 965 3576 inter
1004 3512 1124 3575 Coritoo
1151 3531 1213 3575 non
1230 3515 1599 3596 aufereturffincoelo),

360 3624 446 3686 spem
468 3603 599 3666 divinam
614 3619 668 3664 seu
691 3599 961 3682 supernaturalem,
1003 3598 1163 3678 orrqctrr'tuc
1180 3599 1402 3678 ctimplclitur,
1423 3562 1613 3682 contemplo-i

1327 2909 1384 2939 .„„
1420 2923 1424 2936 ,
1453 2926 1457 2929 ,

1189 2983 1427 3039 armentum?

362 3753 550 3804 infidelitatem.
582 3751 719 3801 Destructo
748 3748 845 3815 quippe
874 3747 965 3798 habitu
1037 3744 1158 3812 (dlllaec
1175 3745 1424 3799 nicromantiam.
1448 3765 1476 3816 q.
1500 3754 1543 3813 to,
1562 3759 1614 3810 arta⁴
1677 3694 1679 3771 ν

360 3821 433 3884 fidci,
451 3819 593 3871 destruitur
604 3820 701 3885 paritor
716 3815 821 3866 habitus
831 3817 896 3882 spei.
1006 3814 1031 3873 l,
1050 3821 1076 3862 et
1088 3812 1162 3865 alibi.
1176 3813 1217 3865 Ci.
1231 3817 1338 3876 Suarez,
1357 3820 1404 3876 to,
1424 3831 1451 3865 ιι.
1471 3821 1498 3868 5.
1518 3818 1585 3870 Gotti
1597 3821 1615 3877 ‚t
1677 3818 1678 3851 ἶ

396 3891 434 3955 (l)
458 3889 531 3939 llixi:
552 3888 593 3939 Ao
617 3890 698 3936 minua
722 3900 865 3946 erroneum
883 3881 966 3950 siqui·
1003 3888 1104 3946 quaest.
1123 3886 1148 3944 l,
1170 3881 1208 3932 Dc
1230 3897 1279 3949 epe,
1299 3882 1364 3934 duh.
1383 3883 1417 3946 ll,
1433 3881 1504 3951 82,
1524 3903 1553 3939 ιι.
1567 3891 1615 3947 ll,-

362 3955 421 4006 dem
440 3971 491 4006 non
509 3955 602 4006 desunt
624 3951 748 4018 theologi,
765 3952 829 4018 qui,
854 3949 880 4002 id
899 3967 965 4018 pene
1003 3964 1075 4016 scqq.
1438 4016 1441 4020 p
1480 3947 1615 3981 *Μ
1677 3924 1678 4011 i

360 4022 520 4074 haereticum
555 4037 609 4072 esse
637 4018 780 4082 affirment,
804 4019 871 4070 inter
900 4035 965 4086 quos
1050 4013 1465 4085 t)Cl.Strarczloc.cit.n.2.t‚
1677 4014 1678 4105 p

363 4089 478 4156 lluequcu
497 4090 522 4139 in
542 4104 567 4154 p.
582 4093 609 4147 2,
627 4085 696 4152 disp.
708 4089 753 4146 or,
769 4102 827 4154 rap.
841 4089 868 4136 t.
886 4085 927 4136 Cf.
941 4103 960 4137 r.
1050 4083 1076 4148 5)
1093 4081 1133 4134 (l.
1147 4085 1253 4147 Suarcu,
1270 4083 1321 4134 loc.
1334 4085 1380 4135 cit.
1392 4099 1420 4135 u.
1435 4089 1459 4136 5.

361 4151 964 4224 thum.p.e,q.emerecensmrentoe.
1039 4152 1077 4217 (6)
1107 4147 1180 4201 lianc
1208 4150 1408 4217 propositionem
1434 4153 1607 4270 propugnavit
1677 4152 1678 4203 i

359 4227 430 4286 cit,
448 4240 474 4275 n.
488 4227 532 4285 tt,
549 4231 576 4272 et
593 4219 712 4288 Ripaldu,
728 4219 746 4270 Ι.
761 4235 785 4270 c.
1004 4215 1097 4269 Franc.
1116 4233 1167 4268 van
1182 4217 1262 4270 Vicne
1274 4217 1305 4270 T.
1331 4217 1364 4268 h.
1384 4215 1492 4270 Lonanii
1533 4221 1556 4270 ie
1578 4225 1606 4271 m

396 4295 434 4361 (ἢ)
454 4291 654 4345 llcncocntcut.
679 4284 965 4340 indicate.'lhom.in
1005 4285 1071 4336 iunii
1100 4288 1183 4349 {6763
1215 4286 1275 4336 item
1306 4283 1418 4336 docuere
1450 4285 1486 4338 lo.
1520 4289 1607 4339 Sinni·
1677 4314 1678 4349 ι

363 4358 554 4427 (incertioribus
579 4359 723 4420 disputatio,
740 4361 840 4421 quuc'rt.
865 4352 965 4415 Despe,
1005 4351 1090 4415 chius,
1111 4351 1203 4403 Franc.
1221 4351 1382 4420 ·Fervequca,
1402 4352 1527 4404 tilbertus
1544 4354 1607 4408 Van·
1677 4354 1678 4413 f

359 4435 451 4490 arti,
464 4437 490 4479 ct
504 4431 531 4488 2,
544 4429 571 4487 2,
584 4441 611 4493 q.
628 4427 668 4484 tl,
682 4431 731 4474 art.
745 4426 770 4484 t,
789 4425 804 4472 2
826 4428 852 4471 et
862 4425 888 4472 a.
903 4419 965 4472 ltcm
1005 4418 1074 4482 dem,
1095 4420 1147 4470 lac.
1161 4421 1300 4482 Pantanus,
1319 4421 1415 4487 aliique
1429 4422 1542 4487 theologi
1559 4423 1607 4473 Lo·

358 4497 510 4558 caietanae,
532 4510 559 4562 q.
586 4497 627 4554 ⁴8,
645 4498 695 4542 art.
715 4495 747 4550 t,
771 4504 879 4554 eamque
897 4496 967 4540 tcnct
1005 4489 1148 4540 vanienses.
1167 4487 1207 4539 Cl.
1233 4487 1300 4539 Viva
1317 4489 1344 4538 in
1367 4503 1443 4556 prop.
1462 4495 1606 4555 tomenta.

307 4575 308 4579 ’
361 4555 965 4626 Peludunus5‚d.20.llichardusupudSua-
1005 4556 1037 4608 ah
1050 4557 1123 4610 Alex.
1136 4553 1206 4620 Vlll,
1219 4571 1247 4608 ιι.
1264 4559 1305 4607 1⁷.
1474 4555 1546 4569 '⁹⁹'

359 4647 419 4691 rea,
446 4640 512 4684 sect.
536 4633 645 4690 3‚n.t.
