3700 5659
380 456 442 519 tto
865 467 903 510 oe
921 465 1067 514 cxnxrxre

341 567 501 636 concilium
519 559 690 628 dilectionis
708 557 827 621 initium
840 559 877 620 ad
896 560 945 621 iu·
983 559 1095 622 simum
1117 558 1345 624 Sacramentum
1374 564 1584 646 reverentiam

341 651 549 738 stificotionom
566 645 609 707 uti
623 643 865 725 dispositionem,
888 644 942 719 G.;
984 643 1017 704 2⁰
1038 644 1109 724 quia
1125 646 1215 707 bomo
1239 646 1326 710 facile
1347 648 1456 728 decipi
1484 661 1585 730 potest,

343 741 497 804 caritatem
528 729 712 814 perfectam,
744 725 781 788 de
806 746 867 807 qun
889 745 945 788 nos
985 728 1176 807 existimans,
1196 749 1229 792 se
1247 749 1315 794 rere
1332 732 1507 794 contritum
1521 752 1588 812 esse,

295 845 300 858 ·
343 821 531 893 disserimus,
553 815 590 878 N.
613 812 728 874 Etenim
749 811 945 873 l⁰incertum
986 813 1057 874 dum
1078 814 1179 896 reipsa
1206 833 1267 876 non
1298 825 1357 878 est.
1381 815 1490 894 Adde,
1521 821 1590 898 quod

344 919 402 986 est,
421 922 493 966 num
520 896 681 962 concilium
702 897 843 976 loquatur
859 913 948 974 gene·
986 896 1195 960 sacerdotibus
1205 899 1322 981 copiam
1341 900 1528 962 confessarii
1543 921 1592 963 noa

344 979 432 1056 ratim
450 987 487 1050 de
504 981 752 1066 dispositionibus
776 979 815 1042 ad
836 976 948 1041 iustili-
989 981 1194 1057 habentibus,
1230 984 1417 1047 necessitate
1456 995 1591 1062 urgente,

345 1076 506 1148 rationem,
523 1088 561 1131 an
577 1083 646 1128 xero
664 1064 818 1146 speciatim
837 1064 875 1126 ad
891 1063 949 1126 tta-
989 1065 1144 1128 celebrare
1177 1067 1344 1146 permittit,
1385 1068 1432 1129 ita
1455 1077 1595 1131 tameuut

347 1161 489 1246 ptismum
508 1160 560 1216 aut
588 1149 808 1212 poenitentiam
822 1149 871 1229 (l)
887 1169 896 1225 3
918 1148 951 1210 2·
990 1150 1215 1232 quamprimum
1234 1152 1457 1214 confiteantur.

346 1247 508 1317 incertum,
525 1238 562 1299 de
578 1254 638 1318 qua
660 1233 820 1295 dilectione
840 1235 951 1314 loqua—
1034 1235 1106 1296 131.
1129 1234 1173 1296 Ad
1191 1237 1222 1297 3.
1252 1238 1326 1316 Nep.
1346 1235 1427 1297 Nam
1457 1237 1541 1317 plura
1557 1245 1596 1298 et-

347 1339 408 1403 tur,
427 1327 464 1388 de
482 1342 518 1386 ea
542 1337 666 1402 nempe,
687 1337 765 1398 quae
784 1336 819 1380 ex
838 1317 952 1379 motivo
992 1318 1052 1380 iarn
1070 1319 1207 1380 contritis
1231 1339 1267 1381 ex
1285 1321 1402 1382 actuali
1423 1321 1594 1382 sacramenti

348 1412 413 1495 spei
430 1405 621 1489 concipitur,
646 1420 786 1484 quaeque
804 1400 952 1482 concupi·
992 1403 1183 1484 susceptione
1192 1404 1401 1466 emolumenta
1415 1405 1594 1485 proveniunt:

349 1495 482 1560 scentiae
499 1490 621 1566 dicitur,
639 1505 677 1548 arx
699 1485 735 1548 de
754 1505 801 1562 en,
823 1503 901 1566 quae
917 1504 953 1548 ex
994 1507 1029 1550 ac
1050 1489 1081 1548 l·
1098 1487 1196 1549 maior
1216 1489 1383 1564 securitas3
1407 1489 1445 1549 2⁰
1464 1488 1596 1550 obedieu-

350 1580 461 1644 motioo
479 1573 613 1638 caritatis
630 1570 761 1648 exsurgit
774 1571 835 1650 (l);
856 1568 953 1633 3111]-
996 1574 1037 1634 tia
1055 1571 1156 1634 divino
1177 1573 1335 1648 mandato;
1359 1575 1395 1634 3⁰
1412 1582 1596 1652 augmentum

351 1673 466 1728 certum
477 1667 534 1736 est,
551 1676 622 1718 nuru
635 1655 672 1716 de
688 1655 861 1730 dilectione,
876 1672 956 1735 quae
996 1657 1128 1735 gratiae,
1150 1659 1182 1718 1ο
1196 1676 1311 1738 poenae
1323 1657 1508 1738 temporalis
1521 1676 1598 1738 saepe

352 1750 391 1811 sit
411 1764 502 1826 super
519 1743 638 1818 omnio,
660 1758 800 1820 quaeque
818 1740 885 1801 sola
902 1757 956 1800 ca·
996 1741 1148 1816 remissio,
1168 1742 1279 1803 utalia
1297 1751 1492 1822 praeteream
1506 1742 1562 1821 (1).

352 1834 426 1896 ritas
445 1829 576 1913 perlecta
596 1820 797 1905 nuncixpatur,
822 1843 860 1887 an
885 1840 957 1884 sero
1043 1826 1114 1887 135.
1133 1824 1178 1886 Ad
1193 1826 1225 1886 l.
1242 1828 1280 1890 N.
1298 1824 1463 1906 Siquidem
1483 1825 1599 1886 dumsa-

335 1957 338 1964 ·
353 1918 391 1980 de
405 1935 441 1978 ea
452 1931 530 1996 quae
545 1910 583 1974 ad
594 1911 674 1972 hunc
685 1909 811 1988 gradum
824 1907 957 1970 nondum
998 1917 1220 1972 crementorum
1240 1910 1377 1972 minister
1390 1930 1431 1972 ea
1442 1910 1532 1972 rerba
1543 1927 1598 1989 pro

353 2000 500 2084 pervenit.
531 1995 605 2060 Cum
635 1993 726 2071 igitur
756 1993 831 2056 baec
858 1992 961 2054 omnia
1000 1995 1074 2056 lert:
1093 1996 1159 2074 Epo
1175 1996 1354 2074 tebuptizu;
1368 2013 1426 2074 epo
1443 1993 1597 2066 teobeetoo,

354 2087 452 2148 adbuc
480 2083 511 2144 in
545 2077 781 2142 controversiam
814 2077 957 2151 veniant,
1001 2079 1042 2140 nil
1061 2078 1324 2156 aliudsignificat‚
1343 2098 1440 2159 quam
1461 2093 1598 2140 sesacra-

356 2172 466 2232 irustra
491 2185 526 2228 ex
553 2163 689 2226 adductis
717 2161 839 2224 concilii
860 2161 962 2224 verbis
1004 2173 1137 2225 mentum
1153 2163 1300 2244 impertiri
1315 2163 1378 2225 sire
1393 2159 1597 2231 renovationis,

356 2253 469 2335 petitur
487 2250 645 2310 difficultas
674 2247 817 2308 adversos
846 2246 963 2308 doctri·
1002 2250 1065 2310 sire
1078 2247 1344 2324 reconciliationis,
1363 2257 1516 2328 quantum
1531 2263 1561 2305 ex
1573 2261 1598 2302 se

360 2356 428 2398 nam
444 2343 589 2396 nostram.
609 2329 667 2392 Sed
686 2331 767 2410 quod
789 2340 879 2411 caput
893 2338 961 2406 est,
1003 2343 1061 2410 est,
1081 2332 1162 2409 licet,
1179 2332 1230 2412 qui
1247 2351 1284 2393 ea
1302 2333 1469 2413 recipiunt,
1492 2328 1596 2392 cutiam

358 2422 457 2502 ipsum
473 2416 635 2478 concilium
654 2432 729 2474 sess.
753 2431 815 2491 xxv,
835 2425 868 2475 ut
886 2413 963 2474 vidi·
1006 2418 1066 2478 [leo
1084 2416 1270 2478 reconciliati
1294 2416 1375 2493 sint,
1396 2426 1454 2478 aut
1479 2432 1536 2475 nou
1552 2411 1599 2471 sint

360 2523 440 2580 mxxs,
455 2510 585 2562 mentem
598 2517 683 2559 suam
696 2498 825 2578 aperuit,
840 2497 964 2573 docens,
1006 2502 1062 2562 rite
1074 2500 1222 2582 dispositi,
1234 2501 1298 2562 sire
1311 2509 1380 2582 apte
1392 2497 1531 2582 dispositi
1540 2496 1595 2557 siut.
1665 2503 1666 2537 1

360 2607 414 2671 per
428 2584 640 2648 contritionem
662 2582 786 2644 caritate
804 2582 965 2663 perlectam
1006 2585 1082 2648 ilinc
1101 2604 1127 2646 s.
1148 2584 1279 2646 Thomas
1296 2585 1327 2645 iu
1346 2584 1386 2646 lll
1404 2593 1487 2667 part.
1510 2601 1538 2662 q.
1557 2579 1597 2652 81,
1666 2547 1668 2678 Ι

363 2671 518 2734 hominem
537 2669 596 2730 [leo
609 2727 612 2734 Α
623 2667 815 2728 reconciliari
828 2667 966 2747 ,prius-
1007 2679 1065 2732 art.
1083 2670 1101 2727 3
1117 2668 1155 2730 ad
1173 2669 1310 2730 ultimum
1327 2668 1369 2730 ita
1384 2668 1511 2750 exponit
1526 2662 1597 2724 verba
1665 2702 1668 2745 ,

362 2774 454 2838 quam
478 2761 700 2818 sacramentum
731 2761 800 2815 actu
819 2751 970 2833 suscipia-
1009 2755 1077 2816 illa:
1099 2755 1163 2833 llpo
1191 2762 1218 2816 tc
1235 2755 1373 2828 ubsoloo;
1395 2759 1598 2817 accremento
1666 2788 1668 2829 Ι

366 2851 415 2905 tur
430 2840 491 2920 (3).
1010 2838 1204 2902 absolutionis
1222 2839 1360 2919 impendo
1373 2839 1438 2918 (5).

410 2925 483 2988 133.
506 2919 598 2983 adt.
632 2923 670 2986 D.
691 2919 724 2982 ld
743 2919 848 2982 statuit
866 2918 971 2982 conci·
1278 2992 1283 3002 Ι
1458 2991 1464 3002 .

363 3010 439 3072 lium
457 3007 495 3069 ob
507 3005 674 3068 extrinseca
690 3005 812 3082 motiva,
830 3006 883 3080 sti
897 3024 974 3085 qua,
1030 2989 1095 3040 Axe.
1110 2987 1158 3038 ΙΙΙ.
1176 2988 1213 3040 Dc
1231 2993 1334 3038 corxtulc
1346 2991 1444 3038 ocleulr'
1454 2985 1589 3050 imperfecte.
1666 2996 1668 3015 ¹

367 3095 393 3156 si
412 3092 564 3154 dubitaret
578 3088 614 3149 de
629 3089 974 3151 xicoutritioniscarita·
1058 3089 1130 3152 136.
1159 3089 1230 3152 Post
1250 3109 1308 3169 ea,
1340 3109 1419 3172 quae
1441 3091 1472 3152 in
1491 3081 1596 3175 articulo

369 3187 399 3238 te
432 3175 582 3256 perlectae
609 3172 647 3234 ad
668 3172 822 3234 hominem
844 3172 903 3234 Deo
921 3191 974 3234 re·
1014 3174 1112 3256 primo
1131 3174 1162 3236 in
1177 3175 1304 3256 praeriis
1321 3175 1499 3236 notionibus
1515 3176 1599 3232 statur·
1665 3190 1668 3237 ς

367 3255 654 3332 conciliandum,N.
672 3255 776 3334 ltaque
794 3275 849 3318 nec
865 3275 973 3336 pauca,
1017 3279 1099 3335 mus,
1120 3268 1150 3320 et
1167 3279 1203 3321 ea
1221 3260 1350 3340 quaein
1371 3261 1469 3322 altero
1493 3250 1596 3318 articulo

367 3362 423 3406 nec
438 3342 515 3404 lenia
533 3339 643 3422 motiva
662 3340 822 3402 concilium
842 3339 975 3421 impule·
1016 3343 1193 3404 nominatim
1210 3343 1246 3404 de
1259 3345 1390 3424 perlecto
1406 3340 1538 3406 caritatis
1546 3341 1598 3397 actu
1666 3378 1668 3401 ,

367 3436 439 3490 runt
468 3425 505 3488 ad
534 3424 726 3488 sanciendam
754 3424 976 3487 consessionem
1016 3425 1598 3506 demonstravimus,sacilinegotio,quae

368 3522 437 3575 ente
455 3508 663 3574 Eucharistiae
685 3509 909 3592 susceptionem
929 3517 977 3572 et·
1018 3511 1055 3572 de
1069 3512 1245 3592 imperfecto
1260 3513 1394 3574 caritatis
1410 3522 1480 3574 actu
1496 3501 1598 3569 dicenda
1666 3568 1668 3595 Ι

368 3598 428 3660 iam
460 3593 561 3678 quoad
592 3593 755 3656 contritos:
788 3597 819 3656 -1ο
849 3593 921 3675 quia
946 3593 978 3656 id
1019 3605 1197 3677 supersunt,
1218 3596 1424 3677 expediemus.

369 3681 488 3744 confert
511 3677 554 3752 ad¹
567 3678 713 3742 maiorem
733 3697 805 3758 erga
822 3678 978 3757 augustis·
1063 3681 1135 3743 l3'l.
1154 3679 1217 3744 lam
1228 3681 1466 3744 demonstratum
1482 3686 1534 3753 est,
1548 3685 1598 3753 per·
1666 3762 1668 3785 Ι

404 3880 444 3950 (1)
456 3879 579 3933 Tractant
590 3879 623 3931 de
640 3881 690 3932 boc
708 3887 860 3946 argumento
877 3895 907 3930 ex
920 3895 980 3946 pro·
1020 3884 1047 3943 6,
1065 3896 1127 3931 sese.
1140 3885 1167 3943 6,
1185 3880 1217 3931 ed
1231 3898 1296 3950 qum
1317 3881 1426 3932 lectores
1443 3877 1547 3930 remitto.
1566 3871 1597 3919 Stt
1665 3904 1666 3907 =

371 3948 500 4000 iessoduc
511 3949 661 4017 praesertim
675 3958 803 4011 auctores,
816 3949 881 3998 alter
893 3948 980 4014 purello
1019 3950 1095 3999 ctiam
1107 3948 1597 4018 sererentustuspantaleontem·
1666 3960 1668 3975 ¹

371 4018 512 4077 vetustior,
530 4031 623 4081 nempe
646 4015 791 4066 Baltlxassnr
812 4015 982 4068 Francolinue
1022 4022 1048 4078 l,
1064 4017 1133 4084 disp.
1152 4023 1178 4080 la,
1196 4027 1259 4069 sect.
1272 4022 1298 4069 8.
1521 4078 1527 4088 θ

373 4086 401 4134 S.
415 4082 436 4132 l.
456 4085 482 4132 in
500 4098 578 4149 opere
596 4083 726 4134 Dedolore
743 4089 774 4134 ud
797 4089 981 4136 sacromentum
1055 4089 1092 4151 (Ξ)
1112 4085 1148 4136 lle
1167 4102 1218 4152 qroo
1247 4093 1348 4152 practer
1370 4093 1487 4136 auctores
1507 4066 1595 4130 11101

372 4153 533 4213 poenitentioe
560 4153 606 4200 rite
630 4155 806 4213 surripiendum
833 4153 893 4202 libri
922 4157 980 4204 duo.
1020 4151 1153 4220 Tornrnely
1169 4154 1206 4204 tte
1228 4159 1340 4217 poenit,
1359 4161 1459 4222 quaest.
1482 4157 1507 4213 t,
1523 4150 1562 4196 111·
1578 4140 1596 4193 ⁴¹

375 4217 482 4279 Romae,
496 4219 574 4268 1106.
593 4216 664 4267 Alter
682 4233 743 4268 vcro
768 4220 914 4280 recentior,
932 4223 982 4270 sci·
1020 4237 1094 4288 seqq.

374 4284 436 4336 licet
449 4287 498 4335 los.
512 4283 636 4350 Bouugliu
649 4283 748 4336 Canon.
767 4285 981 4352 Bergomeusisin
1055 4292 1095 4355 (5)
1106 4288 1169 4355 Cap.
1183 4291 1209 4340 11.
1360 4344 1364 4351 ,

374 4369 417 4419 ορ,
445 4353 641 4404 Drtt'attrtrtune
663 4358 734 4417 praemi
742 4420 748 4432 ⁸
759 4359 863 4404 neoterici
884 4372 897 4405 e
913 4361 992 4418 porte·
1056 4359 1095 4423 (1)
1108 4356 1303 4409 Cillellarmin.
1315 4355 1366 4408 loc.
1378 4356 1424 4408 cit.
1438 4372 1465 4408 n.
1477 4357 1518 4406 te.

375 4423 412 4471 del
431 4421 590 4472 Socrumcnlo
602 4424 667 4472 dello
685 4424 827 4485 Pcnttenan,
846 4421 897 4474 vol.
919 4423 982 4487 duo;
1055 4426 1095 4491 (5)
1108 4426 1211 4485 llecole,
1223 4441 1290 4494 qrrac
1303 4423 1334 4474 de
1347 4426 1395 4475 boc
1407 4413 1594 4488 irxsoargooetlt

377 4489 471 4540 llilauo
490 4493 573 4554 esto,
593 4491 742 4558 praesertim
760 4491 814 4542 vrri.
841 4496 937 4558 l,cap.
955 4498 982 4554 3,
1021 4494 1172 4560 scripsimus
1181 4495 1208 4545 iu
1221 4493 1509 4553 tract.Del’oeaitcntin,
1519 4497 1565 4548 etl·
1575 4481 1595 4533 ²⁹
1660 4488 1664 4503 ⁴

375 4557 474 4624 inquo
499 4558 641 4610 octodecim
673 4559 779 4625 prolixis
802 4560 982 4610 articuliscx·
1022 4566 1142 4630 propi.
1661 4565 1664 4598 t'

377 4624 468 4676 uendit
478 4634 588 4678 mentem
600 4627 709 4680 Concilii
719 4625 877 4692 Tridentini,
889 4629 914 4680 in
923 4644 982 4698 cop·
1659 4598 1664 4886 (

1663 4903 1664 4928 1

1664 4942 1665 4963 1

1616 5262 1668 5300 Ad
