3700 5659
795 517 887 562 amur
908 518 937 560 t.
1388 501 1452 562 265

243 614 307 680 olio
328 631 403 696 opus
421 610 470 686 sit3
490 611 666 671 multavere
686 603 787 670 minus
803 616 848 669 te·
889 609 967 670 oilae
979 625 1035 687 per
1049 609 1169 670 modium
1184 608 1304 687 imperii
1319 608 1380 688 (3).
1401 608 1490 687 Ergo.

244 706 337 762 netur
354 694 591 758 commentitium
618 692 790 753 distinctum
815 711 849 753 e·
933 693 1006 752 lat.
1025 691 1120 772 Resp.
1131 695 1170 755 N.
1191 692 1231 754 Α.
1247 692 1291 753 Ad
1308 689 1436 772 l.'prob.
1454 695 1491 754 l).

245 779 382 844 iusmodi
400 787 591 860 praeceptum
607 795 641 838 ex
659 777 783 838 caritate
799 775 851 836 do·
890 773 989 836 Verba
1022 775 1248 837 Deuteronomii
1278 793 1309 837 vr
1340 786 1370 837 et
1389 775 1492 838 llattb.

246 864 385 926 minante
402 863 539 942 implere.
891 877 948 920 xru
965 859 1120 920 continent
1144 867 1334 940 praeceptam
1353 862 1495 936 generale

291 947 366 1009 282.
380 945 484 1025 Neque
503 944 541 1005 ab
560 943 615 1004 bac
631 943 766 1004 doctrina
786 943 850 1004 exi·
893 943 1080 1019 negativam,
1102 944 1152 1019 C.;
1184 944 1417 1019 affirmativum,
1438 946 1496 1020 N.,

246 1031 332 1093 mins
349 1029 509 1092 Suarezius
527 1028 669 1103 secessit;
702 1026 850 1106 siquidem
891 1027 937 1088 vel
958 1027 1065 1088 Subd:
1082 1038 1128 1088 est
1139 1029 1278 1102 generale
1291 1028 1390 1108 quoad
1405 1028 1498 1090 finem

245 1114 432 1176 contrariam
462 1111 639 1173 sententiam
667 1111 788 1171 oranino
807 1127 852 1171 re·
892 1119 921 1171 et
939 1110 1152 1189 perfectionem
1173 1112 1306 1172 omnium
1337 1112 1493 1187 virtutum,

245 1196 506 1279 spuit,scribens:
521 1195 648 1269 (laridum
664 1195 777 1262 notant,
804 1196 853 1256 ob·
894 1194 943 1270 C.;
961 1202 1007 1254 est
1017 1196 1156 1271 generale
1169 1194 1268 1274 quoad
1278 1195 1493 1273 obligationem

245 1284 347 1360 liparo
364 1282 568 1360 (praeceptum
586 1277 754 1339 dilectionis
771 1276 850 1355 bei),
890 1295 947 1356 pro
976 1295 1089 1357 semper
1113 1268 1280 1356 urgentem,
1302 1280 1340 1341 N.
1364 1279 1495 1340 [latenas

245 1366 493 1443 quandocumque
518 1361 629 1442 obligat
652 1363 737 1423 aliud
765 1379 853 1440 prae·
892 1360 1026 1422 caritatis
1043 1372 1233 1442 praeceptum
1250 1362 1309 1423 dici
1328 1371 1424 1442 potest
1444 1381 1497 1439 ge·

245 1458 389 1528 ceptum;
414 1447 486 1525 piria
508 1445 627 1507 uultum
651 1446 736 1507 oiiad
762 1453 854 1523 potest
893 1445 1352 1525 neralenegativum,quatenns
1367 1465 1425 1506 non
1441 1465 1496 1507 so-

241 1533 376 1612 persecte
400 1529 574 1609 adimpleri,
604 1529 665 1590 uisi
690 1529 853 1592 intercedat
894 1528 955 1588 lum
975 1537 1054 1590 vetat
1075 1528 1177 1590 adium
1197 1529 1262 1604 liei,
1280 1529 1332 1590 sed
1347 1529 1497 1609 quidquid

246 1618 376 1686 coritas;
389 1615 470 1676 uerbi
482 1613 591 1692 pratia,
604 1612 631 1673 si
646 1613 754 1691 obligat
764 1629 855 1691 prae·
893 1611 1011 1672 caritati
1030 1612 1147 1674 divinae
1180 1613 1370 1690 adversatur,
1391 1615 1496 1675 cuius-

247 1708 367 1777 ceptum
384 1698 592 1774 elcemosynae,
616 1695 748 1775 obligare
765 1696 854 1757 etium
894 1694 975 1755 modi
995 1705 1041 1756 est
1063 1697 1259 1771 transgressio
1278 1696 1497 1777 cuiuscumque

245 1790 439 1862 praeceptum
462 1779 610 1853 caritatis,
629 1787 661 1839 ut
680 1780 802 1857 imperet
821 1796 853 1840 e·
894 1779 1057 1859 praecepti,
1079 1798 1157 1859 quae
1173 1780 1266 1840 licum
1299 1780 1422 1842 offendit
1448 1800 1498 1841 ca-

247 1864 546 1942 leontospnarmquod
560 1862 587 1923 si
598 1863 663 1941 pitis
678 1863 724 1924 det
736 1864 854 1924 eleemo·
893 1861 1073 1942 ritatemque
1093 1863 1221 1924 destruit
1248 1871 1300 1924 ant
1328 1863 1493 1926 imminuit.

247 1967 359 2028 sparum
376 1949 441 2010 sine
459 1948 514 2010 tali
530 1963 642 2021 amore,
665 1963 732 2007 eram
749 1954 854 2008 traus-
894 1946 1107 2008 Affirmativum
1131 1956 1231 2008 autem
1254 1947 1313 2008 dici
1334 1957 1431 2027 potest
1453 1957 1497 2009 et-

247 2033 339 2112 prrdi
355 2049 415 2093 uon
433 2031 549 2110 puideru
569 2039 755 2108 pracceptum
779 2031 853 2092 elee-
893 2027 951 2088 iam
971 2031 1123 2107 generale,
1141 2039 1204 2090 tum
1229 2030 1301 2110 quia
1325 2029 1363 2092 ad
1388 2031 1496 2092 carita-

249 2132 402 2194 urospuoe,
418 2116 468 2176 sed
486 2113 632 2176 caritatis.
658 2113 714 2174 Sea
736 2123 853 2175 errant:
894 2120 953 2172 tem
969 2123 1110 2192 tanquam
1130 2114 1168 2176 aul
1182 2115 1270 2174 bnem
1290 2114 1372 2175 ducit
1387 2115 1494 2176 obser-

247 2199 371 2261 uultum
389 2198 469 2258 euim
492 2205 535 2259 est
562 2196 715 2275 probabile
738 2196 853 2275 florida·
893 2195 972 2256 vatio
990 2197 1124 2258 omnium
1152 2205 1393 2277 praeceptorum,
1413 2199 1495 2260 iuxta

249 2291 387 2345 montrum
406 2282 496 2343 buius
513 2280 714 2358 obligationis,
727 2295 793 2340 rum
805 2280 856 2342 ille
894 2279 969 2339 illud
991 2278 1075 2341 Pauli
1096 2280 1108 2341 l
1127 2279 1204 2342 Tim.
1223 2299 1243 2358 r,
1262 2282 1292 2342 5:
1313 2283 1399 2344 binis
1409 2301 1498 2362 prae-

249 2375 336 2428 actus
353 2383 414 2426 nort
432 2366 468 2426 sit
486 2363 667 2426 necessarius
681 2364 719 2424 ad
733 2381 856 2424 seruari·
895 2364 969 2441 cepti
989 2373 1031 2425 est
1049 2366 1159 2426 caritas
1169 2388 1180 2436 ;
1199 2373 1262 2426 tum
1288 2365 1360 2445 quia
1380 2384 1415 2426 et
1439 2366 1497 2428 ab·

250 2451 325 2511 ditm
350 2449 436 2510 aliud
461 2455 660 2526 praereptum.
697 2446 856 2509 Praetereo
895 2446 1062 2508 servatione
1097 2448 1233 2510 omnium
1269 2459 1497 2530 praeceptorum

253 2541 429 2615 repugnant
450 2532 585 2593 omuibus
602 2529 743 2610 tlteolopis
763 2530 775 2610 (
797 2532 823 2609 ).
896 2530 1005 2591 caritas
1025 2532 1188 2612 perficitur.
1385 2589 1389 2595 ,

939 2615 1012 2675 285.
1034 2615 1077 2676 Ad
1094 2617 1125 2676 2.
1146 2616 1233 2696 prob.
1258 2615 1342 2678 quta
1375 2635 1401 2678 s.
1437 2617 1498 2679 An·

895 2698 1048 2774 goslinum
1066 2700 1215 2774 generalis
1234 2700 1328 2761 iussio
1347 2710 1403 2761 est:
1421 2702 1498 2763 Dili-

260 2834 262 2840 .
297 2781 418 2846 2821.
445 2779 513 2844 Obi.
545 2779 747 2857 Planasiam,
779 2799 857 2861 quae
895 2798 958 2860 pes,
980 2783 1029 2843 lla
1054 2782 1200 2843 sumendo
1229 2782 1417 2844 dilectionem
1437 2785 1497 2845 lato

252 2868 382 2929 suadent
401 2873 518 2948 praeter
540 2864 698 2946 positivum
728 2883 781 2926 seu
809 2865 856 2936 ai·
896 2882 986 2924 sensu
1006 2883 1058 2945 pro
1075 2884 1267 2945 quocumque
1290 2866 1381 2942 bono,
1395 2869 1444 2941 C.;
1457 2868 1498 2928 ri·

254 2953 378 3012 firmans
401 2957 591 3030 praeceptum
607 2947 751 3024 caritatis,
776 2948 857 3027 quod
896 2965 1005 3024 gorose
1016 2957 1149 3028 accepta,
1166 2967 1219 3010 seu
1232 2967 1285 3029 pro
1300 2949 1424 3011 caritate
1438 2951 1498 3010 ior

254 3054 314 3096 non
329 3034 442 3110 obligat
460 3032 498 3094 ad
515 3049 646 3112 semper,
663 3031 728 3092 dari
752 3030 858 3092 distin·
897 3031 987 3106 mali,
1009 3032 1115 3094 soba:
1150 3040 1196 3093 est
1223 3033 1371 3109 generalis
1403 3034 1498 3097 iussio

255 3129 336 3180 ctum
356 3126 560 3198 praeceptum,
581 3134 640 3194 quo
657 3115 795 3176 homines
811 3124 856 3176 tc·
897 3114 1014 3176 ratione
1029 3117 1098 3178 linis
1117 3123 1147 3177 et
1164 3116 1357 3196 perlectionis
1372 3117 1403 3178 in
1426 3136 1497 3179 sen-

255 3211 386 3264 neantur
403 3219 507 3262 ornnes
527 3208 556 3260 et
574 3199 706 3274 singulas
725 3198 858 3260 actiones
897 3216 933 3258 sn
951 3198 1098 3279 exposito,
1119 3201 1176 3277 C.;
1197 3201 1313 3262 ratione
1336 3201 1499 3275 obligatio-

254 3303 327 3348 suas
340 3291 408 3346 actu
420 3293 470 3344 aut
482 3281 857 3344 virtuterelerreadDeunr
897 3281 956 3358 nis,
973 3285 1011 3346 N.
1034 3283 1095 3364 (4).
1117 3282 1219 3345 Talem
1239 3303 1305 3346 esse
1324 3296 1453 3347 mentem
1470 3305 1496 3349 s.

256 3377 379 3451 propter
395 3386 428 3428 se
443 3365 584 3427 dilectum
612 3384 647 3426 ac
669 3366 758 3426 finem
785 3367 858 3427 ulti·
896 3364 1068 3443 Augustini,
1089 3367 1281 3448 exsuperius
1303 3369 1401 3445 dictis,
1430 3389 1498 3432 cam

257 3472 354 3514 mum.
393 3450 511 3512 Etenim
543 3449 573 3510 id
609 3449 737 3510 suadent
768 3451 858 3510 verba
897 3466 1055 3524 ageremus
1070 3450 1107 3512 de
1122 3451 1246 3530 speciali
1265 3470 1300 3511 ac
1318 3452 1500 3515 formalica·

255 3535 344 3598 lleut.
361 3553 391 3596 vr
403 3542 433 3595 et
446 3533 549 3596 ldattlr.
563 3550 631 3608 narr,
648 3551 727 3612 qnae
741 3533 859 3596 univer·
896 3531 994 3593 nitatis
1013 3544 1189 3613 praecepto,
1211 3534 1323 3612 liquet,
1352 3554 1407 3595 nec
1439 3555 1499 3596 non

255 3620 404 3682 salitatem
424 3617 590 3693 continent,
610 3635 699 3695 quam
716 3633 742 3678 s.
759 3614 859 3693 bugu·
897 3633 932 3675 ex
951 3616 1096 3677 orationis
1110 3617 1188 3677 serie
1204 3617 1323 3678 abunde
1334 3618 1496 3693 colligitur.

254 3703 354 3765 stinus
371 3701 540 3784 quaerelam
561 3700 723 3762 iussionem
750 3699 858 3779 aequi·
896 3695 946 3758 Sic
964 3699 1043 3760 enim
1064 3700 1207 3762 sehabet
1227 3709 1381 3762 contentus
1400 3703 1431 3761 in
1446 3703 1500 3763 ob-

253 3788 402 3848 ualentem
424 3783 496 3845 dicit
527 3783 661 3864 peuerell
683 3783 860 3860 probibitio·
897 3780 975 3843 lecto
991 3783 1070 3860 loco,
1082 3783 1134 3844 ubi
1151 3792 1218 3864 post
1233 3785 1323 3846 allata
1336 3785 1426 3844 rerba
1442 3786 1499 3846 im·

253 3872 302 3932 ui.
314 3868 559 3950 Exponensenirn
576 3865 760 3946 praedictum
774 3885 860 3946 prse-
898 3865 1027 3927 mediate
1043 3866 1145 3928 subdit
1161 3885 1188 3928 s.
1206 3867 1320 3928 doctor:
1338 3867 1420 3929 Unde
1436 3871 1500 3930 bre·

255 3963 397 4035 ceptum,
422 3951 484 4014 ait:
511 3949 666 4014 Generalis
698 3950 859 4026 probibitio
896 3951 973 4010 viter
995 3958 1023 4012 et
1052 3950 1198 4029 apostolus
1230 3951 1344 4012 Paulus
1372 3954 1499 4030 quodam

446 2677 670 2726 ntmcultatec.
696 2691 699 2696 ·

253 4046 296 4100 est
314 4045 342 4100 et
360 4035 511 4116 penuriis
530 4034 633 4096 iussio:
657 4033 767 4112 diligas
788 4034 855 4112 (2);
897 4032 958 4094 loco
976 4042 1137 4111 utrumque
1154 4034 1324 4113 complemus
1338 4045 1397 4110 est‚·
1422 4054 1499 4116 pra-

254 4129 330 4182 ets.
354 4118 497 4180 Thomas:
520 4117 651 4190 Caritas,
673 4114 782 4195 inquit,
802 4135 858 4180 eu·
898 4116 1004 4178 bibitio
1020 4117 1099 4178 enim
1116 4126 1177 4180 est:
1195 4118 1292 4181 Nolite
1316 4123 1501 4201 consorrtrori

255 4204 352 4267 tondit
371 4220 402 4265 se
422 4201 461 4286 “i
480 4210 561 4264 actus
584 4200 676 4262 totius
709 4199 859 4264 buntaaae
896 4199 967 4261 buia
988 4200 1118 4272 saecuta
1135 4202 1229 4263 iussio
1248 4210 1357 4264 autem:
1377 4205 1434 4269 Sed
1448 4222 1498 4266 re-

288 4366 327 4436 (l)
339 4367 374 4420 De
398 4367 471 4416 corii.
490 4363 557 4432 disp.
571 4368 597 4427 6,
616 4371 678 4414 sect.
697 4367 723 4427 5,
737 4379 764 4416 n.
780 4368 803 4415 l.
897 4362 1028 4431 diligendo
1051 4363 1148 4416 dicitur
1176 4381 1230 4416 essa
1255 4365 1332 4416 iussio
1352 4367 1497 4431 generalis,

286 4437 327 4502 (Ξ)
338 4437 375 4486 De
385 4433 486 4496 perfert.
505 4433 585 4483 instit.
598 4447 654 4498 cap.
668 4435 695 4482 5.
896 4434 957 4499 quia
974 4430 1005 4481 sd
1024 4431 1072 4483 boc
1084 4431 1245 4483 reducuntur
1260 4433 1345 4483 olitaria
1357 4432 1405 4482 olis
1424 4450 1498 4499 prae·

285 4501 374 4568 (ult,
391 4505 418 4563 2,
451 4503 577 4560 .2ll‚art.
598 4503 612 4550 lt
636 4498 667 4550 ad
691 4505 717 4550 Ξ.
896 4509 970 4566 captu
988 4500 1055 4550 sicut
1080 4497 1112 4549 ad
1130 4499 1223 4561 ditem,
1240 4498 1382 4550 oecurrdum
1402 4500 1465 4551 illud
1488 4501 1496 4551 Ι

285 4515 581 4639 (t)ltns.i¹bom.loc.
602 4565 647 4617 cit.
666 4565 698 4616 ad
718 4569 733 4616 b
752 4581 855 4616 sensum
896 4565 927 4616 ad
948 4565 1016 4617 Tira.
1037 4566 1058 4630 l,
1084 4569 1115 4617 b:
1152 4565 1223 4616 Finis
1254 4571 1377 4629 praecepti
1405 4573 1497 4618 coritas

249 4650 274 4687 a.
296 4635 434 4704 Augustini
457 4635 576 4703 exponit:
605 4632 806 4700 «Praeceptum
824 4631 856 4684 de
896 4642 971 4686 est.»

335 4734 487 4809 Pannona,
509 4734 551 4795 lle
575 4734 737 4795 Virtutibus
1372 4732 1410 4793 l2
