3700 5659
395 505 436 566 'lb
913 519 953 576 ue
971 519 1038 564 runa

352 635 396 678 ue
412 613 530 693 nequit.
545 612 577 674 2⁰
591 611 670 675 Fieri
682 619 835 693 praeterea
851 620 959 693 potest,
1001 615 1070 692 sons
1096 613 1228 676 omnium
1259 613 1390 676 oliorum
1412 609 1479 694 (i);
1507 599 1600 677 item?

357 708 394 762 ut
415 699 535 777 quisse
554 697 706 759 advenam
726 695 813 758 fidem
841 715 963 759 conver·
1002 697 1141 778 Peperci,
1166 697 1289 776 lodoci,
1309 698 1466 776 baeretici,
1491 699 1596 779 aliique

359 791 405 846 tat
422 798 460 843 ex
490 781 601 842 motivo
624 799 707 842 mere
736 779 878 858 naturali,
901 781 962 842 im·
1003 781 1094 844 beriae
1114 782 1232 860 generis
1250 781 1368 844 nullum
1383 782 1505 846 omuino
1518 787 1596 846 accl-

360 887 412 930 mo
432 872 463 926 et
480 865 629 928 interdum
649 864 768 942 vitioso,
793 883 840 926 ex.
860 882 905 941 gr.
925 865 964 926 ad
1000 865 1091 943 pirent
1110 883 1129 927 o
1146 867 1211 928 lesa
1227 866 1347 928 Cbristo
1366 866 1522 946 inflexam
1536 869 1593 946 (3).

356 951 418 1014 sibi
440 947 657 1030 comparandas
668 948 797 1026 divitias,
815 956 867 1010 aut
878 967 963 1009 com·
1003 947 1134 1028 Ideoque
1166 967 1226 1008 non
1262 947 1349 1010 datur
1366 949 1508 1013 meritum
1532 961 1598 1013 ante

356 1034 448 1097 moda
469 1031 669 1115 procuranda,
690 1040 743 1093 aut
757 1031 963 1093 celebritatem
1003 1031 1181 1113 principium
1201 1032 1311 1094 meriti.

355 1118 509 1195 nominis,
530 1117 651 1197 aliaque
681 1115 847 1192 eiusmodi,
886 1135 964 1195 quae
1045 1115 1118 1178 282.
1139 1114 1183 1176 Ad
1202 1115 1234 1176 ἓ.
1253 1117 1291 1178 D.
1315 1115 1445 1178 Possunt
1465 1137 1521 1198 per
1549 1118 1598 1181 illa

356 1221 425 1264 cum
448 1202 497 1281 pia
529 1201 581 1262 illa
612 1200 774 1260 voluntatis
806 1200 965 1261 allectione
1003 1199 1170 1280 permoveri
1189 1199 1225 1260 ad
1243 1199 1466 1263 conversionem
1487 1202 1599 1266 media-

353 1285 495 1366 componi
514 1292 669 1364 nequeunt
686 1292 738 1344 aut
752 1283 885 1364 practico
899 1301 964 1344 cre·
1005 1291 1032 1344 te
1060 1290 1089 1346 et
1113 1291 1240 1358 remote,
1262 1284 1310 1361 C.;
1331 1283 1466 1364 proxime
1485 1295 1519 1347 et
1541 1286 1599 1346 im·

354 1371 447 1432 dendi
466 1368 591 1445 iudicio,
609 1367 739 1446 ideoque
757 1366 899 1444 eugratia
914 1385 965 1428 su·
1004 1365 1154 1443 mediate,
1181 1367 1293 1444 scalda
1317 1367 1354 1428 ad
1383 1369 1597 1448 professionem
1675 1391 1676 1398 ¹

354 1451 543 1534 pernaturali
561 1458 962 1532 promanarenonpossunt.
1004 1458 1179 1525 externam,
1199 1451 1245 1511 vel
1263 1451 1300 1511 ad
1323 1451 1410 1512 tidem
1437 1471 1523 1516 mere
1544 1455 1600 1516 bu·
1675 1471 1676 1482 ²

355 1539 388 1599 3⁰
407 1534 493 1606 Quod
515 1535 540 1597 si
566 1534 738 1595 istiusmodi
774 1534 890 1595 affectio
909 1553 963 1596 su-

355 1618 561 1701 pernaturalis
579 1617 758 1694 admittitur,
776 1617 964 1698 deberetpa-

357 1705 431 1765 riter
446 1701 684 1783 supernaturalis
697 1701 819 1762 babitus
833 1701 962 1779 admitti,

1004 1553 1123 1594 menam
1143 1552 1177 1595 ac
1194 1534 1372 1611 naturalem,
1393 1536 1442 1613 d.;
1464 1535 1502 1597 ad
1514 1537 1600 1598 tidem
1675 1541 1676 1574 ³

1004 1617 1163 1695 internam,
1185 1617 1383 1694 theologicam
1399 1637 1434 1680 ac
1459 1638 1602 1701 superna·
1675 1625 1676 1660 ³

1005 1703 1144 1778 turalem,
1177 1702 1216 1764 N.
1243 1700 1400 1763 Recensita
1417 1703 1532 1766 motiva
1555 1705 1601 1764 in·
1675 1739 1676 1742 =

357 1788 432 1866 quin
452 1786 548 1867 possit
562 1785 721 1862 assignari,
736 1786 805 1865 quis
820 1786 869 1862 sit,
883 1785 963 1846 idem
1005 1785 1121 1847 terdum
1142 1783 1323 1846 adminicula
1342 1793 1411 1846 sunt
1429 1805 1464 1847 ac
1482 1787 1600 1865 media,
1675 1794 1676 1870 ξ

357 1872 406 1931 dic
430 1871 466 1932 de
486 1869 597 1930 iudicio
629 1869 760 1949 practico
782 1877 964 1949 supernatu-
1006 1869 1116 1950 quibus
1135 1868 1234 1930 divina
1248 1869 1435 1949 providentia
1454 1871 1553 1933 utitur
1568 1873 1602 1932 ad
1675 1877 1676 1912 ³

358 1955 427 2031 rali;
449 1954 610 2031 daccedit,
635 1952 780 2020 iudicium
799 1953 963 2034 practicum
1006 1951 1223 2034 procurandam
1239 1953 1452 2015 nonnullorum
1483 1973 1605 2016 conver·
1675 1961 1676 1998 ³

359 2037 446 2100 baud
481 2038 598 2116 exigere
626 2055 806 2097 concursum
836 2038 962 2115 gratiae,
1006 2037 1140 2110 sionem,
1158 2036 1211 2096 sed
1232 2055 1286 2116 per
1309 2055 1341 2098 se
1360 2036 1437 2098 nibil
1466 2038 1505 2099 ad
1531 2057 1604 2100 con·
1673 2045 1676 2087 l

360 2131 428 2184 tum
446 2123 518 2201 quia
538 2121 679 2197 obligatio
705 2120 846 2182 credendi
878 2130 967 2182 natu·
1006 2119 1174 2182 versionem
1190 2119 1359 2181 conferunt.
1373 2119 1404 2182 Si
1417 2121 1554 2201 quivero
1569 2124 1604 2183 ob

360 2207 466 2267 raliter
486 2205 697 2280 cognoscibilis
717 2215 762 2265 est
781 2223 815 2265 ac
831 2205 963 2282 evidens,
1007 2205 1059 2266 illa
1082 2211 1344 2282 converterentur,
1369 2204 1503 2285 ipsorum
1538 2225 1606 2268 con·

361 2298 422 2350 tum
441 2289 512 2368 quia
531 2291 622 2348 homo
643 2307 678 2348 ex
701 2307 734 2348 se
769 2289 847 2349 vires
879 2290 964 2350 sulli-
1005 2287 1102 2351 versio
1121 2287 1336 2349 essettatsaac
1354 2307 1428 2368 pure
1445 2291 1603 2366 naturalis,

360 2374 475 2434 cientes
500 2372 592 2432 babet
611 2370 647 2431 ad
671 2371 857 2451 propositum
882 2371 965 2432 obie·
1007 2389 1084 2452 quae
1100 2379 1179 2432 certe
1199 2371 1326 2432 salutem
1353 2390 1414 2432 non
1431 2373 1565 2436 afferret.

360 2466 441 2518 ctum
460 2454 714 2532 cognoscendum,
736 2455 809 2534 quin
833 2473 908 2534 opus
927 2454 967 2516 sit
1050 2455 1123 2516 283.
1141 2454 1185 2515 Ad
1210 2455 1239 2515 3.
1271 2453 1441 2533 Negamus,
1461 2457 1606 2535 assignari

362 2541 412 2620 pia
429 2539 587 2600 allectione
606 2538 839 2618 supernaturali.
860 2539 950 2614 Ergo.
1007 2556 1067 2599 non
1087 2557 1174 2620 posse
1194 2537 1342 2617 habitum,
1370 2558 1405 2601 ex
1433 2559 1494 2620 quo
1525 2551 1607 2602 actus

407 2624 481 2699 281.
501 2622 591 2702 llesp.
613 2621 651 2683 ad
670 2623 700 2681 l.
731 2623 769 2685 D.
794 2622 883 2683 Fides
901 2623 966 2683 lor·
1007 2621 1069 2683 sive
1088 2622 1154 2704 piae
1177 2622 1344 2684 allectionis
1358 2659 1377 2700 ,·
1399 2623 1461 2685 sive
1485 2625 1607 2705 practici

363 2707 516 2796 malisest
530 2705 709 2787 principium
730 2706 828 2766 meriti
847 2705 966 2787 proprie
995 2705 1110 2766 iudicii
1139 2714 1319 2786 erumperet;
1340 2706 1489 2769 eiusmodi
1521 2709 1602 2769 enim

367 2792 451 2868 dicti,
472 2810 506 2852 ac
538 2790 663 2870 proinde
694 2790 823 2864 salutis,
845 2792 894 2867 G.;
915 2791 966 2850 in·
1008 2787 1137 2850 oriretur
1162 2808 1197 2850 ex
1223 2790 1330 2851 morali
1356 2791 1465 2853 virtute
1494 2791 1605 2866 inlusa,

362 2875 540 2936 choationes
561 2894 595 2936 ac
620 2873 907 2954 praedispositiones
930 2874 966 2935 ad
1008 2891 1115 2954 nempe
1134 2872 1322 2954 prudentiae,
1354 2893 1413 2954 qua
1444 2875 1607 2950 iudicatur,

362 2960 451 3020 tidem
471 2967 541 3019 sunt
560 2959 740 3038 principium
761 2958 860 3020 meriti
879 2977 963 3039 pres·
1008 2957 1165 3018 honestum
1186 2975 1220 3018 ao
1238 2957 1388 3018 laudabile
1406 2977 1473 3020 esse
1492 2978 1525 3020 se
1549 2960 1607 3020 lieo

363 3063 396 3104 se
414 3044 536 3122 sumpti,
556 3046 594 3107 N.
625 3041 663 3102 Ut
680 3042 759 3102 enim
776 3043 866 3122 paulo
896 3050 966 3103 ante
1007 3040 1157 3101 subiicere
1181 3048 1210 3101 et
1229 3041 1400 3122 propositae
1429 3043 1605 3104 revelationi

363 3126 642 3202 animadvertimus,
656 3125 804 3186 eiusmodi
817 3125 884 3186 fidei
896 3145 968 3186 con·
1008 3124 1126 3186 divinae
1145 3123 1283 3203 obsequi3
1303 3124 1351 3185 eui
1362 3125 1464 3188 virtuti
1481 3127 1609 3188 si'acce·

366 3210 521 3288 captiones
534 3227 655 3288 quaeex
669 3209 719 3287 pia
731 3209 888 3269 allectione
900 3227 969 3288 pro·
1008 3207 1058 3268 dat
1073 3208 1307 3288 supernaturalis
1324 3209 1430 3286 gratia,
1448 3211 1480 3270 tit
1500 3229 1608 3291 super·

363 3293 503 3368 veniunt,
530 3292 678 3352 rationem
709 3292 809 3352 meriti
829 3311 889 3352 non
915 3292 969 3352 ba·
1008 3291 1608 3374 naturalissaltemrationeprincipii(l).

281 3376 283 3381 ’
365 3376 438 3436 bent
463 3375 521 3435 nisi
541 3376 576 3435 de
595 3393 728 3452 congruo
758 3384 848 3455 atque
873 3376 970 3454 impe·
1050 3375 1124 3436 284.
1153 3375 1197 3436 Ad
1219 3376 1249 3435 d.
1285 3377 1358 3455 Nep.
1386 3375 1502 3455 lndiget
1528 3378 1607 3438 enim

365 3460 502 3536 tratorie,
523 3460 547 3520 si
567 3466 668 3520 cetera
690 3478 740 3520 eas
767 3459 971 3520 concomiten-
1010 3458 1173 3541 practioum
1194 3458 1251 3519 boc
1268 3457 1413 3521 iudicium
1433 3462 1548 3539 gratiae
1562 3481 1612 3522 su·

366 3552 415 3604 tur
436 3544 617 3620 necessaria,
644 3562 705 3604 non
724 3552 824 3605 autem
845 3544 881 3604 de
899 3562 970 3605 con·
1011 3542 1211 3624 pernaturalis
1230 3561 1390 3620 concursu,
1411 3553 1444 3605 ut
1462 3545 1493 3606 in
1511 3553 1607 3606 actum

366 3628 477 3705 digno,
504 3627 585 3707 quod
617 3636 662 3688 est
695 3628 835 3688 meritum
868 3646 970 3708 presse
1012 3626 1080 3688 fidei
1096 3627 1333 3706 supernaturalis
1355 3639 1511 3709 erumpat;
1533 3629 1608 3690 alio-

365 3720 532 3791 sumptum.
566 3712 721 3788 Ceterum,
745 3712 879 3792 quamvis
897 3711 971 3773 fides
1012 3710 1085 3791 quin
1104 3729 1163 3770 non
1179 3718 1259 3772 esset
1280 3711 1338 3771 nisi
1357 3719 1441 3774 actus
1467 3713 1538 3774 tidei
1556 3731 1609 3772 na-

367 3796 505 3855 sormalis
541 3795 641 3874 aliquo
679 3815 749 3856 vero
782 3815 872 3857 sensu
913 3795 972 3856 dici
1013 3793 1117 3856 turalis
1141 3812 1194 3874 per
1215 3795 1414 3870 cognitionem
1444 3797 1607 3858 naturalem

372 3879 467 3956 possit
493 3880 590 3958 prima
617 3880 734 3956 gratia,
765 3880 901 3940 absolute
924 3887 971 3940 ta·
1013 3878 1236 3958 praehabitam,
1258 3897 1318 3938 non
1349 3888 1449 3942 autem
1483 3881 1613 3944 siculo-

370 3963 554 4040 menprima
573 3963 673 4042 reipsa
704 3964 799 4037 gratia
829 3971 971 4038 nonest,
1014 3969 1111 4042 portet
1129 3961 1330 4038 adsalutem,
1352 3973 1385 4024 ut
1416 3965 1612 4044 loquiturd·

274 4065 276 4070 ·
369 4061 438 4102 cum
457 4045 560 4122 plures
575 4045 651 4105 aliae
665 4047 893 4124 praecesserint.
909 4044 973 4115 Quo
1014 4045 1205 4106 rausicanum
1224 4046 1385 4108 concilium
1405 4047 1442 4124 ll,
1457 4055 1487 4108 et
1499 4046 1610 4110 evinci-

369 4134 505 4204 spectant
530 4128 686 4188 damnatae
724 4129 971 4208 propositiones:
1016 4135 1064 4188 tur
1083 4147 1117 4190 ex
1136 4128 1229 4189 sacris
1249 4129 1371 4208 litteris,
1393 4138 1482 4210 prout
1505 4133 1611 4209 legitur

369 4211 481 4271 Nullae
503 4213 619 4272 dentem
641 4214 759 4290 practice
777 4214 837 4282 taisi
856 4230 911 4290 per
936 4213 975 4292 p·
1016 4211 1052 4272 de
1069 4211 1160 4292 Lydia
1177 4213 1374 4294 purpuraria:
1398 4216 1492 4278 Cuius
1508 4215 1614 4277 Domi-

374 4296 439 4354 dem
454 4295 514 4374 (t);
536 4297 622 4358 Fides
640 4305 681 4356 ost
697 4298 799 4375 princ
826 4296 930 4376 pretia
947 4305 974 4359 et
1016 4313 1074 4356 nats
1093 4297 1209 4374 operuit
1225 4313 1275 4358 cor
1290 4299 1442 4360 intendere
1462 4300 1522 4375 bis,
1542 4314 1615 4378 qaue

407 4441 444 4503 tt)
459 4439 535 4504 pwp·
556 4446 589 4490 ,6
610 4439 752 4505 Quande,
1016 4380 1191 4442 dicabantur
1208 4382 1336 4444 oPdulo
1352 4382 1413 4462 (5).

406 4508 444 4572 (i)
460 4508 534 4574 l’vop.
553 4514 584 4558 *27
599 4510 623 4557 in
638 4517 739 4558 constat.
756 4506 906 4570 [inigenitus.
1051 4511 1089 4576 (tt)
1107 4509 1146 4562 Cl'.
1165 4509 1270 4572 Suarcz,
1285 4513 1331 4564 loc.
1345 4513 1389 4566 cil.
1408 4529 1456 4564 net·-
1475 4531 1526 4566 nou
1537 4510 1614 4565 (iard-

405 4576 444 4648 tb)
464 4577 539 4643 Prop.
570 4582 585 4626 ὅ
611 4576 643 4627 ab
669 4577 796 4627 Alexand.
821 4576 876 4630 Vlll
898 4595 975 4645 prae·
1017 4576 1048 4628 de
1072 4577 1152 4644 largo,
1170 4595 1212 4644 op.
1235 4582 1278 4630 cit.
1298 4579 1365 4650 disp.
1382 4581 1471 4649 ¹³8⁸·

372 4651 479 4707 scriptu.
1052 4646 1089 4714 (5)
1109 4649 1167 4697 Act.
1187 4645 1255 4711 XVI,
1273 4651 1312 4699 tt.
