3700 5659
405 493 469 555 27AE
890 501 929 545 DE
945 499 1092 546 clatum

362 601 467 680 ,em-pp
481 597 612 676 0„qu
629 611 674 657 mn
693 595 787 657 misit.
810 593 868 668 Oui
886 595 964 654 reci·
1006 600 1152 671 versetur,
1174 613 1235 656 non
1264 596 1465 664 dissimulant
1483 611 1603 670 nonnulli

361 686 405 765 pu
433 683 607 764 propnetam
639 683 672 742 in
699 679 821 741 nomine
837 679 964 756 proplie-
1007 677 1175 740 contrariae
1194 679 1345 745 doctrinae
1358 695 1544 764 assertores,
1562 695 1606 771 qui

363 777 419 846 me,
435 768 596 829 mercedem
618 766 778 843 prophelae
802 763 963 841 accipiet...
1007 769 1108 823 tamon
1127 763 1391 843 animadvertunt,
1414 788 1444 830 s.
1465 770 1604 838 doctorem

363 855 403 916 Et
418 852 592 931 quicumque
603 857 705 928 potum
720 847 836 909 dederit
853 846 911 908 uni
929 863 968 907 on
1008 845 1051 906 ita
1064 846 1205 925 sensisse,
1219 867 1256 910 co
1271 851 1352 930 qnod
1367 862 1445 914 ante
1458 857 1606 920 concilium

364 936 499 999 minimis
516 933 711 996 ieticcoticem
728 931 968 1010 opuoesripidoe
1008 928 1215 992 Tridentinurn
1249 933 1420 1014 scripserit.
1460 937 1520 1000 Alii
1550 961 1606 1004 roro

368 1028 485 1082 tontum
504 1019 537 1080 in
562 1017 685 1080 nomine
702 1015 842 1093 discipuli
851 1037 864 1086 ;
882 1029 969 1074 oncen
1009 1012 1174 1075 modestius
1206 1015 1385 1080 adnituntur
1411 1020 1482 1082 eius
1510 1023 1608 1090 doctri-

365 1105 430 1166 dico
458 1103 561 1177 cotis,
592 1118 654 1162 non
682 1100 783 1179 perdet
809 1098 969 1159 mercedem
1010 1113 1077 1157 nam
1097 1115 1165 1158 cum
1189 1098 1324 1163 doctrina
1347 1103 1479 1164 concilii
1500 1125 1608 1189 compo-

365 1205 463 1250 cuum.
481 1184 638 1265 Superllua
656 1201 726 1244 vero
742 1189 822 1243 esset
838 1181 971 1241 eiusmo·
1010 1198 1082 1240 nere
1090 1199 1144 1262 per
1153 1182 1310 1261 benignam
1323 1186 1608 1268 interpretationem.

367 1271 397 1332 di
414 1269 566 1331 distinctio
586 1269 665 1329 inter
686 1283 777 1348 opera
805 1271 920 1344 patrata
939 1264 970 1323 in
1010 1262 1121 1325 Verum
1142 1267 1289 1348 quidquid
1307 1269 1343 1331 de
1362 1271 1426 1332 hoc
1447 1272 1500 1348 sit,
1521 1294 1572 1336 nos
1588 1295 1610 1338 e

368 1350 492 1415 nornine
512 1352 632 1427 Christi,
657 1369 710 1411 seu
730 1350 838 1410 uirtute
865 1347 972 1409 carita·
1012 1347 1059 1407 ius
1071 1347 1172 1428 verba,
1186 1360 1276 1430 prout
1288 1351 1401 1432 iacent,
1418 1358 1608 1436 proferemus.

370 1439 419 1514 tis,
438 1446 578 1517 etopera
607 1436 684 1496 lacta
707 1434 738 1494 in
757 1433 885 1493 aliorum
913 1449 971 1491 no·
1011 1431 1105 1508 igitur
1119 1433 1272 1512 angelicus
1288 1437 1395 1499 doctor
1411 1439 1437 1515 l,
1457 1439 1491 1515 i,
1509 1460 1610 1520 quur,
1667 1444 1668 1473 ³

314 1547 319 1564 =
370 1522 462 1596 mine,
483 1521 509 1582 si
526 1519 605 1579 idem
621 1518 760 1579 meritum
779 1533 973 1598 comparare·
1013 1523 1069 1576 art.
1095 1516 1131 1593 d,
1165 1519 1238 1579 haec
1262 1521 1370 1582 habet:
1404 1525 1611 1604 Prirccipclitoc

370 1615 419 1666 tur
435 1623 489 1684 per
506 1604 579 1664 haec
598 1601 714 1662 diversa
729 1600 870 1675 nomina;
892 1598 974 1678 quod
1013 1600 1117 1662 meriti
1125 1617 1213 1680 penos
1223 1605 1377 1667 caritatem
1391 1609 1545 1670 coassistit.
1558 1610 1612 1670 rn-

371 1707 438 1750 cum
463 1687 522 1747 dici
539 1694 680 1766 nequeat,
701 1691 793 1746 restat
814 1691 847 1744 ut
866 1683 925 1743 tale
943 1683 975 1742 in
1014 1701 1061 1744 mo
1080 1685 1160 1746 enim
1179 1688 1433 1752 considerandum
1461 1700 1524 1769 est,
1549 1695 1611 1770 pum

373 1791 408 1834 eo
433 1770 594 1832 discrimen
617 1776 760 1850 ponatur,
785 1767 866 1847 qnod
885 1784 976 1846 opera
1015 1767 1078 1829 nito
1095 1775 1215 1832 oetmno
1231 1766 1264 1831 in
1283 1774 1338 1835 Dei
1351 1775 1509 1852 fruitione
1530 1777 1610 1836 corui-

374 1855 475 1917 elicita
488 1854 518 1914 in
530 1853 717 1915 nomincseu
733 1850 983 1926 enamoreChri-x
1014 1851 1075 1912 stit.
1104 1853 1204 1917 Motus
1223 1864 1320 1917 orclem
1344 1859 1503 1920 turrianos
1522 1861 1611 1920 laceratio

373 1939 411 2000 sti
429 1937 602 1999 immediate
618 1943 791 1998 mereantur
808 1934 985 2029 praemium!
1016 1935 1056 1997 od
1085 1935 1263 2016 monitionem
1289 1941 1387 2004 dioiui
1411 1942 1487 2004 boui
1503 1952 1542 2004 cat
1555 1960 1610 2020 pro

374 2023 544 2099 essentiale,
564 2021 624 2082 alia
640 2037 710 2082 vero
722 2019 896 2101 praemium
912 2027 989 2105 tan3
1011 2020 1102 2098 prius
1124 2029 1206 2082 octono
1231 2025 1388 2101 caritatis,
1407 2043 1468 2104 per
1487 2045 1567 2105 quem
1585 2044 1609 2084 o-

376 2117 438 2169 tum
457 2106 652 2168 accidentale.
963 2113 992 2187 ³,
1017 2120 1100 2165 muer
1123 2113 1205 2166 octus
1220 2105 1352 2169 oliorrcm
1367 2110 1523 2172 virtutum
1540 2109 1608 2171 ordi-

418 2191 491 2252 322.
525 2189 670 2263 Accedit,
705 2187 786 2268 quod
818 2185 979 2248 concilium
1018 2195 1135 2248 noctur
1161 2189 1195 2250 in
1226 2191 1304 2254 dunc
1335 2194 1446 2271 finem,
1467 2193 1609 2254 secundun

376 2273 583 2336 Tridentinum
613 2291 688 2334 sess.
717 2287 759 2348 v1,
781 2289 845 2351 cap.
873 2271 913 2331 15
943 2269 981 2331 ad
1020 2272 1098 2350 quod
1128 2272 1206 2334 olioe
1234 2275 1357 2337 uirtutes
1388 2279 1608 2358 imperanturc

378 2358 519 2418 meritum
539 2357 575 2416 de
600 2355 747 2432 condigno
773 2354 928 2433 requirat,
948 2361 982 2414 ut
1020 2355 1158 2417 caritate.
1179 2357 1218 2418 Et
1233 2358 1299 2419 ideo
1319 2362 1467 2422 meritum
1482 2356 1555 2422 oitne
1570 2374 1609 2418 ue·

379 2459 470 2520 opera
493 2441 640 2501 iustorum
661 2438 691 2498 in
719 2441 778 2500 Deo
796 2440 858 2499 sint
878 2439 979 2518 socio,
1021 2446 1123 2500 ternae
1136 2441 1239 2519 primo
1255 2445 1385 2520 pertinet
1403 2447 1448 2507 ud
1461 2444 1607 2514 curitottu,

381 2523 519 2583 uoniam
547 2541 583 2583 ex
608 2541 643 2583 eo
674 2522 738 2582 solo
768 2521 876 2600 capite,
901 2519 983 2600 quod
1021 2521 1061 2583 ud
1079 2523 1154 2584 otios
1171 2531 1271 2586 cutem
1288 2529 1414 2590 uirtutes
1433 2526 1606 2598 secundario,

381 2607 500 2669 landari
514 2606 643 2668 debcant
656 2604 687 2665 in
703 2604 835 2667 amicitia
849 2603 913 2680 Dei,
931 2611 983 2666 ant
1021 2608 1183 2668 seruandum
1201 2609 1278 2686 quod
1295 2627 1400 2674 eorrcne
1433 2620 1517 2674 octeno
1543 2624 1608 2670 oco·

378 2691 576 2772 pergratiam
606 2690 754 2751 actualem
776 2690 869 2772 Qut,
901 2687 984 2768 quod
1021 2691 1323 2770 ritoteiruperontur.
1342 2695 1606 2776 litinquacst.mrr

1652 350 1658 588 l

1657 597 1659 675 l

1658 676 1662 827 l

379 2775 453 2836 alias
471 2776 530 2836 iam
557 2783 713 2850 statuerat,
738 2773 790 2835 sed
809 2791 845 2834 eo
864 2789 980 2850 sensu,
1022 2776 1065 2836 Dc
1078 2776 1213 2853 emitote,
1234 2785 1291 2838 ort.
1320 2779 1337 2838 c
1357 2779 1394 2839 ad
1414 2780 1449 2855 8,
1471 2792 1607 2856 compara·
1666 2782 1667 2795 ¹

335 2919 339 2926 ,
380 2859 461 2938 quod
479 2875 533 2940 per
550 2858 683 2920 caritatis
698 2858 858 2938 imperium
877 2875 911 2918 ac
930 2875 981 2918 re·
1023 2857 1135 2918 tionem
1146 2858 1390 2924 instituensinter
1402 2861 1541 2924 meritum
1553 2875 1606 2918 con·

381 2943 523 3004 lationem
543 2943 573 3002 in
592 2942 685 3003 ileum
702 2941 767 3003 deri
785 2941 924 3003 debeant.
1024 2941 1146 3003 sessoris
1186 2951 1216 3003 et
1257 2945 1414 3025 martyris,
1452 2941 1605 3007 concludit:

426 3027 499 3087 323.
520 3025 584 3097 Quo
596 3045 687 3087 sensu
706 3045 731 3086 s.
752 3024 937 3104 Augustinus
951 3023 983 3084 in
1026 3025 1178 3099 Quantum
1196 3028 1235 3088 ud
1252 3045 1345 3108 pontu
1362 3029 1544 3110 operieplus
1558 3041 1604 3085 rnc·

379 3108 434 3170 lib.
455 3113 497 3172 De
514 3111 647 3171 moribus
665 3111 744 3172 liccl.
763 3127 828 3189 cap.
845 3125 882 3168 nv
901 3108 983 3169 affir—
1024 3117 1110 3170 retur
1133 3110 1277 3172 minimus
1299 3121 1418 3194 martyr
1451 3130 1536 3194 quoru
1553 3106 1605 3186 qui-

382 3193 484 3268 rnavit,
505 3209 624 3252 omnem
642 3192 794 3268 virtulem,
815 3209 875 3272 qua
891 3191 983 3252 vitam
1024 3210 1146 3272 cumque
1163 3196 1323 3274 confessor.
1356 3197 1467 3260 Tamen
1486 3201 1606 3275 quonum

381 3284 533 3337 aeternam
553 3291 716 3351 meremur,
730 3293 797 3336 esse
815 3274 981 3351 caritatem,
1024 3277 1064 3337 od
1081 3277 1211 3340 radicem
1239 3280 1336 3357 operis
1359 3289 1453 3358 potest
1480 3279 1605 3356 muscum

383 3358 504 3420 dicens:
538 3359 671 3434 Quodsi
697 3359 984 3420 cirtusodteotmn
1021 3359 1224 3440 ptusmeceu‘,
1249 3363 1444 3442 inquantum
1462 3381 1501 3426 cc
1515 3353 1605 3422 moicri

380 3444 470 3505 oitom
488 3459 543 3505 nos
561 3443 659 3520 ducit,
683 3443 763 3504 uidit
785 3442 906 3504 omniuo
924 3459 985 3504 esse
1024 3443 1149 3514 caritate
1169 3454 1332 3525 operetur:
1364 3447 1437 3526 puio
1457 3441 1604 3528 proemium

380 3527 750 3607 ctrccueuoffirmcoertm
765 3527 825 3588 nisi
834 3543 985 3588 summum
1024 3527 1176 3589 essentiale
1189 3530 1346 3611 respondet
1363 3533 1465 3596 rudici
1481 3523 1605 3603 cordolio,

380 3629 509 3674 oncororn
529 3612 593 3674 Dei.
621 3613 753 3689 Numpuc
782 3611 878 3686 iilud,
908 3611 986 3688 puori
1025 3612 1202 3674 occidentale
1218 3629 1286 3676 vero
1304 3616 1409 3694 pertici
1428 3623 1520 3678 octus.
1547 3606 1604 3672 dett

382 3695 604 3774 pccodripurliln
626 3695 738 3756 dicitur
755 3695 872 3771 uirtus,
903 3695 985 3755 cni·
1024 3702 1076 3772 est,
1097 3697 1176 3774 pcrod
1192 3697 1300 3775 aliquis
1320 3699 1472 3778 consessor
1484 3697 1567 3778 polest
1581 3705 1604 3749 o·

381 3781 463 3857 psius
482 3779 593 3840 umoris
609 3779 694 3840 uario
711 3779 838 3856 quodum
859 3777 981 3858 affectu,
1024 3778 1104 3858 tipuo
1122 3787 1255 3859 martyre
1272 3799 1333 3843 csse
1347 3782 1520 3845 eminentior
1530 3789 1604 3856 ouon·
1665 3780 1666 3785 ’

382 3871 526 3941 puontcun
551 3863 707 3943 luculleo,
745 3861 868 3924 dicitur.
903 3859 985 3932 Quae
1026 3869 1087 3924 tum
1106 3863 1146 3925 od
1157 3867 1327 3944 proemium
1342 3865 1518 3937 esseutiolc,
1540 3872 1602 3921 noor-

383 3946 502 4024 quidem
530 3947 621 4008 rerba
651 3963 711 4007 non
742 3945 802 4006 alio
826 3951 986 4027 potueruut
1025 3953 1075 4026 tyr
1101 3953 1199 4008 tomen
1223 3957 1368 4028 puuctum
1395 3951 1434 4012 od
1456 3942 1603 4032 praemitti

384 4045 474 4088 sensu
492 4029 620 4106 exarari,
647 4047 737 4109 quam
761 4037 794 4090 ut
812 4037 983 4107 statueret,
1025 4029 1213 4092 scommate.
1238 4029 1310 4093 ltem
1329 4041 1445 4114 quaest.
1465 4051 1494 4095 vr
1515 4031 1601 4104 Delli

384 4111 465 4192 quod
483 4119 568 4171 actus
584 4111 746 4189 virtutum,
777 4131 855 4192 quae
871 4130 906 4175 ex
930 4131 985 4174 eo·
1026 4121 1098 4176 tent.
1119 4119 1175 4174 art.
1196 4115 1230 4191 o,
1249 4115 1391 4194 affirmat,
1410 4133 1507 4180 omncs
1521 4112 1601 4176 urcu-

384 4193 452 4254 dam
472 4211 497 4254 s.
524 4193 647 4256 doctore
673 4193 823 4256 obiectum
855 4195 987 4276 speciale
1028 4205 1069 4260 tea
1083 4198 1187 4261 duduc
1201 4201 1336 4262 curandi
1344 4187 1601 4280 efficooiomocort'i
1664 4202 1665 4207 ’

385 4276 510 4354 habent,
529 4276 659 4356 ideoque
681 4277 840 4340 ecaritate
859 4286 889 4340 et
907 4279 988 4340 inter
1028 4289 1097 4360 tote,
1117 4289 1147 4344 ct
1161 4280 1233 4343 alibi
1247 4283 1359 4364 passim
1375 4286 1498 4348 eandem
1514 4270 1600 4341 ΜΡ

384 4379 417 4424 se
448 4361 689 4439 distinguuntur,
717 4359 846 4424 debeant
867 4359 904 4424 ad
919 4381 986 4423 mc·
1027 4377 1096 4428 nam
1118 4357 1259 4428 inculcat.
1290 4365 1332 4429 lle
1354 4377 1454 4433 mente
1472 4370 1600 4452 propterte

384 4443 507 4508 rendam
526 4445 619 4506 vitam
648 4452 801 4506 aeternam
823 4443 860 4509 de
878 4446 985 4510 condi·
1026 4446 1154 4528 angelici
1171 4449 1302 4512 doctoris
1319 4451 1375 4514 hac
1394 4453 1431 4516 de
1448 4472 1480 4516 re
1496 4447 1545 4522 rin,
1561 4446 1600 4504 aut

384 4527 772 4610 gnoimperariaoariteto.
1027 4533 1200 4597 nullatenus
1215 4530 1347 4601 dubitari
1368 4557 1457 4620 posse
1478 4532 1583 4597 ridetur.

417 4613 501 4676 ont.
522 4611 601 4675 Des.
621 4612 748 4694 Thomu,
766 4611 847 4696 quod
861 4613 918 4679 sibi
933 4613 987 4680 ad·³
1070 4617 1144 4681 325.
1171 4616 1319 4702 Equidem
1348 4620 1428 4684 haud
1446 4619 1560 4700 ignoro,
1585 4623 1598 4666 ¹
