<?xml version="1.0" encoding="UTF-8"?>
<!DOCTYPE html PUBLIC "-//W3C//DTD XHTML 1.0 Transitional//EN"
    "http://www.w3.org/TR/xhtml1/DTD/xhtml1-transitional.dtd">
<html xmlns="http://www.w3.org/1999/xhtml" xml:lang="en" lang="en">
 <head>
  <title>
</title>
<meta http-equiv="Content-Type" content="text/html;charset=utf-8" />
  <meta name='ocr-system' content='tesseract 3.04.00' />
  <meta name='ocr-capabilities' content='ocr_page ocr_carea ocr_par ocr_line ocrx_word'/>
</head>
<body>
  <div class='ocr_page' id='page_1' title='image "./praelectionesth09perrgoog/praelectionesth09perrgoog_0121.png"; bbox 0 0 3700 5659; ppageno 0'>
   <div class='ocr_carea' id='block_1_1' title="bbox 765 423 1422 485">
    <p class='ocr_par' dir='ltr' id='par_1_1' title="bbox 765 423 1422 485">
     <span class='ocr_line' id='line_1_1' title="bbox 765 423 1422 485; baseline -0.006 -9"><span class='ocrx_word' id='word_1_1' title='bbox 765 434 858 476; x_wconf 76' lang='lat' dir='ltr'><strong>csrttr</strong></span> <span class='ocrx_word' id='word_1_2' title='bbox 873 435 912 476; x_wconf 81' lang='lat' dir='ltr'><strong>tx.</strong></span> <span class='ocrx_word' id='word_1_3' title='bbox 1365 423 1422 485; x_wconf 71' lang='lat'><strong>109</strong></span> 
     </span>
    </p>
   </div>
   <div class='ocr_carea' id='block_1_2' title="bbox 220 523 1484 3868">
    <p class='ocr_par' dir='ltr' id='par_1_2' title="bbox 220 523 1467 1026">
     <span class='ocr_line' id='line_1_2' title="bbox 220 523 1465 607; baseline 0.002 -15"><span class='ocrx_word' id='word_1_4' title='bbox 220 527 390 592; x_wconf 91' lang='lat' dir='ltr'><strong>cuiusmodi</strong></span> <span class='ocrx_word' id='word_1_5' title='bbox 406 546 452 588; x_wconf 82' lang='lat' dir='ltr'><strong>ex.</strong></span> <span class='ocrx_word' id='word_1_6' title='bbox 470 545 516 604; x_wconf 77' lang='lat' dir='ltr'><strong>gr.</strong></span> <span class='ocrx_word' id='word_1_7' title='bbox 537 537 582 587; x_wconf 90' lang='lat' dir='ltr'><strong>est</strong></span> <span class='ocrx_word' id='word_1_8' title='bbox 605 536 686 586; x_wconf 90' lang='lat' dir='ltr'><strong>secta</strong></span> <span class='ocrx_word' id='word_1_9' title='bbox 704 525 821 603; x_wconf 85' lang='lat' dir='ltr'><strong>quake·</strong></span> <span class='ocrx_word' id='word_1_10' title='bbox 863 523 915 585; x_wconf 92' lang='lat' dir='ltr'><strong>sed</strong></span> <span class='ocrx_word' id='word_1_11' title='bbox 930 535 1056 606; x_wconf 86' lang='lat' dir='ltr'><strong>carpunt</strong></span> <span class='ocrx_word' id='word_1_12' title='bbox 1073 535 1164 607; x_wconf 88' lang='lat' dir='ltr'><strong>atque</strong></span> <span class='ocrx_word' id='word_1_13' title='bbox 1193 529 1380 592; x_wconf 78' lang='lat' dir='ltr'><strong>inconsultae</strong></span> <span class='ocrx_word' id='word_1_14' title='bbox 1399 533 1465 594; x_wconf 91' lang='lat' dir='ltr'><strong>sol-</strong></span> 
     </span>
     <span class='ocr_line' id='line_1_3' title="bbox 221 605 1464 698; baseline 0.004 -25"><span class='ocrx_word' id='word_1_15' title='bbox 221 631 338 688; x_wconf 92' lang='lat' dir='ltr'><strong>rorum,</strong></span> <span class='ocrx_word' id='word_1_16' title='bbox 356 610 610 685; x_wconf 89' lang='lat' dir='ltr'><strong>mennonitarum,</strong></span> <span class='ocrx_word' id='word_1_17' title='bbox 630 607 822 668; x_wconf 89' lang='lat' dir='ltr'><strong>swedenbor·</strong></span> <span class='ocrx_word' id='word_1_18' title='bbox 863 605 1029 671; x_wconf 90' lang='lat' dir='ltr'><strong>licitudinis</strong></span> <span class='ocrx_word' id='word_1_19' title='bbox 1044 619 1185 688; x_wconf 86' lang='lat' dir='ltr'><strong>arguunt,</strong></span> <span class='ocrx_word' id='word_1_20' title='bbox 1202 631 1237 676; x_wconf 92' lang='lat' dir='ltr'><strong>eo</strong></span> <span class='ocrx_word' id='word_1_21' title='bbox 1258 613 1349 694; x_wconf 89' lang='lat' dir='ltr'><strong>quod,</strong></span> <span class='ocrx_word' id='word_1_22' title='bbox 1361 623 1394 676; x_wconf 92' lang='lat' dir='ltr'><strong>ut</strong></span> <span class='ocrx_word' id='word_1_23' title='bbox 1407 616 1464 698; x_wconf 90' lang='lat' dir='ltr'><strong>ipsi</strong></span> 
     </span>
     <span class='ocr_line' id='line_1_4' title="bbox 221 690 1466 775; baseline 0.005 -19"><span class='ocrx_word' id='word_1_24' title='bbox 221 695 385 775; x_wconf 89' lang='lat' dir='ltr'><strong>giensium,</strong></span> <span class='ocrx_word' id='word_1_25' title='bbox 405 693 594 772; x_wconf 90' lang='lat' dir='ltr'><strong>aliorumque</strong></span> <span class='ocrx_word' id='word_1_26' title='bbox 610 691 671 772; x_wconf 86' lang='lat' dir='ltr'><strong>(l);</strong></span> <span class='ocrx_word' id='word_1_27' title='bbox 691 691 743 771; x_wconf 88' lang='lat' dir='ltr'><strong>qui</strong></span> <span class='ocrx_word' id='word_1_28' title='bbox 775 698 822 751; x_wconf 86' lang='lat' dir='ltr'><strong>ta-</strong></span> <span class='ocrx_word' id='word_1_29' title='bbox 865 690 978 769; x_wconf 89' lang='lat' dir='ltr'><strong>dicunt,</strong></span> <span class='ocrx_word' id='word_1_30' title='bbox 1000 695 1126 774; x_wconf 88' lang='lat' dir='ltr'><strong>populos</strong></span> <span class='ocrx_word' id='word_1_31' title='bbox 1156 695 1235 758; x_wconf 93' lang='lat' dir='ltr'><strong>bona</strong></span> <span class='ocrx_word' id='word_1_32' title='bbox 1261 697 1318 758; x_wconf 87' lang='lat' dir='ltr'><strong>srde</strong></span> <span class='ocrx_word' id='word_1_33' title='bbox 1344 711 1466 775; x_wconf 75' lang='lat' dir='ltr'><strong>agentes</strong></span> 
     </span>
     <span class='ocr_line' id='line_1_5' title="bbox 222 775 1463 861; baseline 0.003 -20"><span class='ocrx_word' id='word_1_34' title='bbox 222 799 306 856; x_wconf 91' lang='lat' dir='ltr'><strong>men,</strong></span> <span class='ocrx_word' id='word_1_35' title='bbox 327 797 361 840; x_wconf 90' lang='lat' dir='ltr'><strong>se</strong></span> <span class='ocrx_word' id='word_1_36' title='bbox 378 777 409 838; x_wconf 94' lang='lat' dir='ltr'><strong>in</strong></span> <span class='ocrx_word' id='word_1_37' title='bbox 428 775 579 840; x_wconf 76' lang='lat' dir='ltr'><strong>Christum</strong></span> <span class='ocrx_word' id='word_1_38' title='bbox 608 775 730 839; x_wconf 90' lang='lat' dir='ltr'><strong>credere</strong></span> <span class='ocrx_word' id='word_1_39' title='bbox 756 792 825 854; x_wconf 88' lang='lat' dir='ltr'><strong>pro-</strong></span> <span class='ocrx_word' id='word_1_40' title='bbox 866 775 998 852; x_wconf 84' lang='lat' dir='ltr'><strong>turbant,</strong></span> <span class='ocrx_word' id='word_1_41' title='bbox 1020 795 1075 838; x_wconf 90' lang='lat' dir='ltr'><strong>nec</strong></span> <span class='ocrx_word' id='word_1_42' title='bbox 1108 795 1179 858; x_wconf 90' lang='lat' dir='ltr'><strong>pace</strong></span> <span class='ocrx_word' id='word_1_43' title='bbox 1210 779 1269 842; x_wconf 81' lang='lat' dir='ltr'><strong>frui</strong></span> <span class='ocrx_word' id='word_1_44' title='bbox 1302 782 1463 861; x_wconf 89' lang='lat' dir='ltr'><strong>patiantur.</strong></span> 
     </span>
     <span class='ocr_line' id='line_1_6' title="bbox 222 856 1467 928; baseline 0.003 -4"><span class='ocrx_word' id='word_1_45' title='bbox 222 865 359 924; x_wconf 85' lang='lat' dir='ltr'><strong>fitentur.</strong></span> <span class='ocrx_word' id='word_1_46' title='bbox 376 860 456 922; x_wconf 91' lang='lat' dir='ltr'><strong>ldem</strong></span> <span class='ocrx_word' id='word_1_47' title='bbox 476 859 523 921; x_wconf 94' lang='lat' dir='ltr'><strong>dic</strong></span> <span class='ocrx_word' id='word_1_48' title='bbox 542 859 579 921; x_wconf 93' lang='lat' dir='ltr'><strong>de</strong></span> <span class='ocrx_word' id='word_1_49' title='bbox 595 867 678 921; x_wconf 86' lang='lat' dir='ltr'><strong>secta</strong></span> <span class='ocrx_word' id='word_1_50' title='bbox 689 875 824 919; x_wconf 91' lang='lat' dir='ltr'><strong>mormo-</strong></span> <span class='ocrx_word' id='word_1_51' title='bbox 865 856 976 919; x_wconf 88' lang='lat' dir='ltr'><strong>Verum</strong></span> <span class='ocrx_word' id='word_1_52' title='bbox 992 859 1061 920; x_wconf 94' lang='lat' dir='ltr'><strong>dum</strong></span> <span class='ocrx_word' id='word_1_53' title='bbox 1078 860 1226 923; x_wconf 89' lang='lat' dir='ltr'><strong>eiusmodi</strong></span> <span class='ocrx_word' id='word_1_54' title='bbox 1244 864 1382 926; x_wconf 91' lang='lat' dir='ltr'><strong>homines</strong></span> <span class='ocrx_word' id='word_1_55' title='bbox 1396 865 1467 928; x_wconf 88' lang='lat' dir='ltr'><strong>talia</strong></span> 
     </span>
     <span class='ocr_line' id='line_1_7' title="bbox 222 940 1466 1026; baseline 0.003 -19"><span class='ocrx_word' id='word_1_56' title='bbox 222 965 311 1023; x_wconf 88' lang='lat' dir='ltr'><strong>num,</strong></span> <span class='ocrx_word' id='word_1_57' title='bbox 331 945 384 1025; x_wconf 92' lang='lat' dir='ltr'><strong>qui</strong></span> <span class='ocrx_word' id='word_1_58' title='bbox 402 962 512 1004; x_wconf 85' lang='lat' dir='ltr'><strong>uorum</strong></span> <span class='ocrx_word' id='word_1_59' title='bbox 529 962 548 1004; x_wconf 91' lang='lat' dir='ltr'><strong>a</strong></span> <span class='ocrx_word' id='word_1_60' title='bbox 565 961 597 1004; x_wconf 93' lang='lat' dir='ltr'><strong>se</strong></span> <span class='ocrx_word' id='word_1_61' title='bbox 613 943 759 1004; x_wconf 90' lang='lat' dir='ltr'><strong>invectum</strong></span> <span class='ocrx_word' id='word_1_62' title='bbox 775 940 825 1001; x_wconf 89' lang='lat' dir='ltr'><strong>ba·</strong></span> <span class='ocrx_word' id='word_1_63' title='bbox 866 951 1022 1020; x_wconf 85' lang='lat' dir='ltr'><strong>aggerunt,</strong></span> <span class='ocrx_word' id='word_1_64' title='bbox 1034 944 1172 1006; x_wconf 88' lang='lat' dir='ltr'><strong>nesciunt</strong></span> <span class='ocrx_word' id='word_1_65' title='bbox 1194 947 1267 1026; x_wconf 93' lang='lat' dir='ltr'><strong>quid</strong></span> <span class='ocrx_word' id='word_1_66' title='bbox 1281 947 1392 1026; x_wconf 88' lang='lat' dir='ltr'><strong>dicant,</strong></span> <span class='ocrx_word' id='word_1_67' title='bbox 1410 969 1466 1012; x_wconf 91' lang='lat' dir='ltr'><strong>nec</strong></span> 
     </span>
    </p>

    <p class='ocr_par' dir='ltr' id='par_1_3' title="bbox 222 1025 1484 3868">
     <span class='ocr_line' id='line_1_8' title="bbox 222 1025 1202 1112; baseline -0.002 -21"><span class='ocrx_word' id='word_1_68' title='bbox 222 1030 336 1112; x_wconf 90' lang='lat' dir='ltr'><strong>ptisma</strong></span> <span class='ocrx_word' id='word_1_69' title='bbox 355 1028 512 1089; x_wconf 81' lang='lat' dir='ltr'><strong>conferunt</strong></span> <span class='ocrx_word' id='word_1_70' title='bbox 530 1026 653 1088; x_wconf 85' lang='lat' dir='ltr'><strong>omniuo</strong></span> <span class='ocrx_word' id='word_1_71' title='bbox 675 1025 823 1086; x_wconf 88' lang='lat' dir='ltr'><strong>diversum</strong></span> <span class='ocrx_word' id='word_1_72' title='bbox 866 1026 939 1106; x_wconf 91' lang='lat' dir='ltr'><strong>quid</strong></span> <span class='ocrx_word' id='word_1_73' title='bbox 959 1026 1017 1088; x_wconf 83' lang='lat' dir='ltr'>sibi</span> <span class='ocrx_word' id='word_1_74' title='bbox 1035 1028 1126 1089; x_wconf 89' lang='lat' dir='ltr'><strong>velint</strong></span> <span class='ocrx_word' id='word_1_75' title='bbox 1143 1029 1202 1108; x_wconf 88' lang='grc'>(3).</span> 
     </span>
     <span class='ocr_line' id='line_1_9' title="bbox 225 1107 1467 1195; baseline -0.001 -17"><span class='ocrx_word' id='word_1_76' title='bbox 225 1114 263 1178; x_wconf 86' lang='lat' dir='ltr'><strong>ab</strong></span> <span class='ocrx_word' id='word_1_77' title='bbox 283 1132 336 1188; x_wconf 94' lang='lat' dir='ltr'><strong>eo,</strong></span> <span class='ocrx_word' id='word_1_78' title='bbox 356 1111 437 1192; x_wconf 95' lang='lat' dir='ltr'><strong>quod</strong></span> <span class='ocrx_word' id='word_1_79' title='bbox 455 1111 485 1171; x_wconf 92' lang='lat' dir='ltr'><strong>in</strong></span> <span class='ocrx_word' id='word_1_80' title='bbox 502 1110 648 1188; x_wconf 80' lang='lat' dir='ltr'><strong>religione</strong></span> <span class='ocrx_word' id='word_1_81' title='bbox 665 1108 827 1170; x_wconf 86' lang='lat' dir='ltr'><strong>christiana</strong></span> <span class='ocrx_word' id='word_1_82' title='bbox 908 1107 982 1171; x_wconf 88' lang='grc'><strong>455.</strong></span> <span class='ocrx_word' id='word_1_83' title='bbox 1000 1110 1129 1188; x_wconf 82' lang='lat' dir='ltr'><strong>Etenim,</strong></span> <span class='ocrx_word' id='word_1_84' title='bbox 1144 1113 1251 1175; x_wconf 92' lang='lat' dir='ltr'><strong>ceteris</strong></span> <span class='ocrx_word' id='word_1_85' title='bbox 1270 1115 1400 1192; x_wconf 90' lang='lat' dir='ltr'><strong>omissis,</strong></span> <span class='ocrx_word' id='word_1_86' title='bbox 1413 1115 1467 1195; x_wconf 89' lang='lat' dir='ltr'><strong>qui</strong></span> 
     </span>
     <span class='ocr_line' id='line_1_10' title="bbox 222 1191 1467 1274; baseline 0.001 -15"><span class='ocrx_word' id='word_1_87' title='bbox 222 1196 456 1260; x_wconf 85' lang='lat' dir='ltr'><strong>administratur</strong></span> <span class='ocrx_word' id='word_1_88' title='bbox 471 1194 539 1274; x_wconf 68' lang='lat'>(2);</span> <span class='ocrx_word' id='word_1_89' title='bbox 560 1202 691 1256; x_wconf 85' lang='lat' dir='ltr'><strong>attamen</strong></span> <span class='ocrx_word' id='word_1_90' title='bbox 711 1200 741 1253; x_wconf 92' lang='lat' dir='ltr'><strong>et</strong></span> <span class='ocrx_word' id='word_1_91' title='bbox 770 1191 827 1270; x_wconf 89' lang='lat' dir='ltr'><strong>ipsi</strong></span> <span class='ocrx_word' id='word_1_92' title='bbox 867 1193 909 1254; x_wconf 90' lang='lat' dir='ltr'><strong>ita</strong></span> <span class='ocrx_word' id='word_1_93' title='bbox 927 1193 1089 1269; x_wconf 81' lang='lat' dir='ltr'><strong>disserunt,</strong></span> <span class='ocrx_word' id='word_1_94' title='bbox 1110 1196 1197 1258; x_wconf 92' lang='lat' dir='ltr'><strong>nihili</strong></span> <span class='ocrx_word' id='word_1_95' title='bbox 1215 1197 1328 1260; x_wconf 86' lang='lat' dir='ltr'><strong>iaciunt</strong></span> <span class='ocrx_word' id='word_1_96' title='bbox 1362 1199 1467 1260; x_wconf 87' lang='lat' dir='ltr'><strong>infide-</strong></span> 
     </span>
     <span class='ocr_line' id='line_1_11' title="bbox 223 1276 1468 1362; baseline 0.001 -20"><span class='ocrx_word' id='word_1_97' title='bbox 223 1281 306 1342; x_wconf 89' lang='lat' dir='ltr'><strong>inter</strong></span> <span class='ocrx_word' id='word_1_98' title='bbox 323 1279 503 1341; x_wconf 88' lang='lat' dir='ltr'><strong>christianos</strong></span> <span class='ocrx_word' id='word_1_99' title='bbox 521 1276 672 1340; x_wconf 80' lang='lat' dir='ltr'><strong>recenseri</strong></span> <span class='ocrx_word' id='word_1_100' title='bbox 694 1277 807 1337; x_wconf 92' lang='lat' dir='ltr'><strong>volunt.</strong></span> <span class='ocrx_word' id='word_1_101' title='bbox 867 1276 994 1355; x_wconf 91' lang='lat' dir='ltr'><strong>litatem,</strong></span> <span class='ocrx_word' id='word_1_102' title='bbox 1016 1297 1093 1358; x_wconf 89' lang='lat' dir='ltr'><strong>quae</strong></span> <span class='ocrx_word' id='word_1_103' title='bbox 1110 1288 1207 1340; x_wconf 91' lang='lat' dir='ltr'><strong>tamen</strong></span> <span class='ocrx_word' id='word_1_104' title='bbox 1225 1281 1387 1356; x_wconf 80' lang='lat' dir='ltr'><strong>generatim</strong></span> <span class='ocrx_word' id='word_1_105' title='bbox 1402 1301 1468 1362; x_wconf 89' lang='lat' dir='ltr'><strong>spe-</strong></span> 
     </span>
     <span class='ocr_line' id='line_1_12' title="bbox 264 1361 1466 1445; baseline 0.002 -20"><span class='ocrx_word' id='word_1_106' title='bbox 264 1365 346 1426; x_wconf 87' lang='grc'><strong>453.</strong></span> <span class='ocrx_word' id='word_1_107' title='bbox 365 1361 475 1424; x_wconf 89' lang='lat' dir='ltr'><strong>iuverit</strong></span> <span class='ocrx_word' id='word_1_108' title='bbox 497 1361 746 1436; x_wconf 88' lang='lat' dir='ltr'><strong>animadvertere,</strong></span> <span class='ocrx_word' id='word_1_109' title='bbox 772 1379 829 1439; x_wconf 90' lang='lat' dir='ltr'><strong>po·</strong></span> <span class='ocrx_word' id='word_1_110' title='bbox 869 1369 947 1422; x_wconf 89' lang='lat' dir='ltr'><strong>ctata</strong></span> <span class='ocrx_word' id='word_1_111' title='bbox 964 1361 1171 1439; x_wconf 86' lang='lat' dir='ltr'><strong>gravissimum</strong></span> <span class='ocrx_word' id='word_1_112' title='bbox 1188 1363 1219 1424; x_wconf 92' lang='lat' dir='ltr'><strong>in</strong></span> <span class='ocrx_word' id='word_1_113' title='bbox 1250 1384 1281 1426; x_wconf 92' lang='lat' dir='ltr'><strong>se</strong></span> <span class='ocrx_word' id='word_1_114' title='bbox 1311 1376 1466 1445; x_wconf 87' lang='lat' dir='ltr'><strong>peccatum</strong></span> 
     </span>
     <span class='ocr_line' id='line_1_13' title="bbox 226 1443 1467 1528; baseline 0.001 -19"><span class='ocrx_word' id='word_1_115' title='bbox 226 1450 317 1528; x_wconf 90' lang='lat' dir='ltr'><strong>pulos</strong></span> <span class='ocrx_word' id='word_1_116' title='bbox 332 1447 470 1508; x_wconf 85' lang='lat' dir='ltr'><strong>infideles</strong></span> <span class='ocrx_word' id='word_1_117' title='bbox 485 1464 545 1506; x_wconf 92' lang='lat' dir='ltr'><strong>non</strong></span> <span class='ocrx_word' id='word_1_118' title='bbox 563 1445 659 1506; x_wconf 88' lang='lat' dir='ltr'><strong>solum</strong></span> <span class='ocrx_word' id='word_1_119' title='bbox 676 1444 706 1504; x_wconf 91' lang='lat' dir='ltr'><strong>in</strong></span> <span class='ocrx_word' id='word_1_120' title='bbox 720 1461 829 1520; x_wconf 78' lang='lat' dir='ltr'><strong>genere</strong></span> <span class='ocrx_word' id='word_1_121' title='bbox 870 1453 925 1505; x_wconf 91' lang='lat' dir='ltr'><strong>est.</strong></span> <span class='ocrx_word' id='word_1_122' title='bbox 940 1443 1051 1515; x_wconf 81' lang='lat' dir='ltr'><strong>Quodsi</strong></span> <span class='ocrx_word' id='word_1_123' title='bbox 1064 1447 1164 1526; x_wconf 91' lang='lat' dir='ltr'><strong>plures</strong></span> <span class='ocrx_word' id='word_1_124' title='bbox 1180 1449 1371 1528; x_wconf 83' lang='lat' dir='ltr'><strong>paucioresve</strong></span> <span class='ocrx_word' id='word_1_125' title='bbox 1386 1451 1467 1510; x_wconf 90' lang='lat' dir='ltr'><strong>labo·</strong></span> 
     </span>
     <span class='ocr_line' id='line_1_14' title="bbox 225 1527 1468 1612; baseline 0.002 -20"><span class='ocrx_word' id='word_1_126' title='bbox 225 1551 297 1594; x_wconf 91' lang='lat' dir='ltr'><strong>reos</strong></span> <span class='ocrx_word' id='word_1_127' title='bbox 317 1549 386 1593; x_wconf 87' lang='lat' dir='ltr'><strong>esse</strong></span> <span class='ocrx_word' id='word_1_128' title='bbox 406 1528 589 1592; x_wconf 82' lang='lat' dir='ltr'><strong>infidelitatis</strong></span> <span class='ocrx_word' id='word_1_129' title='bbox 604 1528 634 1588; x_wconf 90' lang='lat' dir='ltr'><strong>in</strong></span> <span class='ocrx_word' id='word_1_130' title='bbox 648 1527 753 1608; x_wconf 91' lang='lat' dir='ltr'><strong>quovis</strong></span> <span class='ocrx_word' id='word_1_131' title='bbox 764 1546 831 1604; x_wconf 89' lang='lat' dir='ltr'><strong>gra·</strong></span> <span class='ocrx_word' id='word_1_132' title='bbox 870 1538 938 1589; x_wconf 91' lang='lat' dir='ltr'><strong>rant</strong></span> <span class='ocrx_word' id='word_1_133' title='bbox 955 1528 1121 1606; x_wconf 88' lang='lat' dir='ltr'><strong>ignorantia</strong></span> <span class='ocrx_word' id='word_1_134' title='bbox 1139 1529 1315 1609; x_wconf 82' lang='lat' dir='ltr'><strong>invincibili,</strong></span> <span class='ocrx_word' id='word_1_135' title='bbox 1334 1533 1468 1612; x_wconf 87' lang='lat' dir='ltr'><strong>adeoque</strong></span> 
     </span>
     <span class='ocr_line' id='line_1_15' title="bbox 224 1610 1467 1696; baseline 0 -20"><span class='ocrx_word' id='word_1_136' title='bbox 224 1616 265 1676; x_wconf 90' lang='lat' dir='ltr'><strong>du</strong></span> <span class='ocrx_word' id='word_1_137' title='bbox 288 1634 325 1676; x_wconf 84' lang='lat' dir='ltr'><strong>ex</strong></span> <span class='ocrx_word' id='word_1_138' title='bbox 352 1614 500 1694; x_wconf 77' lang='lat' dir='ltr'><strong>iis,&#39;quos</strong></span> <span class='ocrx_word' id='word_1_139' title='bbox 532 1612 751 1687; x_wconf 85' lang='lat' dir='ltr'><strong>recensuimus,</strong></span> <span class='ocrx_word' id='word_1_140' title='bbox 777 1610 831 1671; x_wconf 90' lang='lat' dir='ltr'><strong>sed</strong></span> <span class='ocrx_word' id='word_1_141' title='bbox 871 1611 928 1672; x_wconf 92' lang='lat' dir='ltr'><strong>hoc</strong></span> <span class='ocrx_word' id='word_1_142' title='bbox 945 1612 1002 1674; x_wconf 91' lang='lat' dir='ltr'><strong>sub</strong></span> <span class='ocrx_word' id='word_1_143' title='bbox 1021 1621 1158 1694; x_wconf 91' lang='lat' dir='ltr'><strong>respectu</strong></span> <span class='ocrx_word' id='word_1_144' title='bbox 1175 1615 1373 1696; x_wconf 87' lang='lat' dir='ltr'><strong>inculpabiles</strong></span> <span class='ocrx_word' id='word_1_145' title='bbox 1386 1623 1467 1694; x_wconf 85' lang='lat' dir='ltr'><strong>sunt,</strong></span> 
     </span>
     <span class='ocr_line' id='line_1_16' title="bbox 226 1694 1468 1780; baseline 0.002 -22"><span class='ocrx_word' id='word_1_146' title='bbox 226 1708 388 1780; x_wconf 87' lang='lat' dir='ltr'><strong>praeterea</strong></span> <span class='ocrx_word' id='word_1_147' title='bbox 402 1695 529 1758; x_wconf 85' lang='lat' dir='ltr'><strong>detineri</strong></span> <span class='ocrx_word' id='word_1_148' title='bbox 552 1694 719 1757; x_wconf 91' lang='lat' dir='ltr'><strong>innumeris</strong></span> <span class='ocrx_word' id='word_1_149' title='bbox 739 1712 830 1775; x_wconf 88' lang='lat' dir='ltr'><strong>prope</strong></span> <span class='ocrx_word' id='word_1_150' title='bbox 871 1713 940 1756; x_wconf 90' lang='lat' dir='ltr'><strong>curn</strong></span> <span class='ocrx_word' id='word_1_151' title='bbox 959 1695 1157 1758; x_wconf 89' lang='lat' dir='ltr'><strong>nihilominus</strong></span> <span class='ocrx_word' id='word_1_152' title='bbox 1189 1699 1324 1780; x_wconf 86' lang='lat' dir='ltr'><strong>plerique</strong></span> <span class='ocrx_word' id='word_1_153' title='bbox 1343 1700 1468 1778; x_wconf 88' lang='lat' dir='ltr'><strong>graviter</strong></span> 
     </span>
     <span class='ocr_line' id='line_1_17' title="bbox 225 1778 1470 1864; baseline 0.002 -21"><span class='ocrx_word' id='word_1_154' title='bbox 225 1782 387 1844; x_wconf 91' lang='lat' dir='ltr'><strong>erroribus</strong></span> <span class='ocrx_word' id='word_1_155' title='bbox 405 1781 466 1842; x_wconf 91' lang='lat' dir='ltr'><strong>sive</strong></span> <span class='ocrx_word' id='word_1_156' title='bbox 485 1779 656 1842; x_wconf 85' lang='lat' dir='ltr'><strong>theoreticis</strong></span> <span class='ocrx_word' id='word_1_157' title='bbox 678 1778 739 1839; x_wconf 89' lang='lat' dir='ltr'><strong>sive</strong></span> <span class='ocrx_word' id='word_1_158' title='bbox 760 1796 830 1858; x_wconf 88' lang='lat' dir='ltr'><strong>pra·</strong></span> <span class='ocrx_word' id='word_1_159' title='bbox 870 1789 995 1860; x_wconf 88' lang='lat' dir='ltr'><strong>peccent</strong></span> <span class='ocrx_word' id='word_1_160' title='bbox 1026 1789 1129 1842; x_wconf 90' lang='lat' dir='ltr'><strong>contra</strong></span> <span class='ocrx_word' id='word_1_161' title='bbox 1163 1781 1337 1861; x_wconf 85' lang='lat' dir='ltr'><strong>religionem</strong></span> <span class='ocrx_word' id='word_1_162' title='bbox 1374 1783 1470 1864; x_wconf 87' lang='lat' dir='ltr'><strong>ipsam</strong></span> 
     </span>
     <span class='ocr_line' id='line_1_18' title="bbox 225 1861 1469 1946; baseline 0.002 -20"><span class='ocrx_word' id='word_1_163' title='bbox 225 1867 314 1927; x_wconf 88' lang='lat' dir='ltr'><strong>cticis</strong></span> <span class='ocrx_word' id='word_1_164' title='bbox 334 1865 388 1946; x_wconf 94' lang='lat' dir='ltr'><strong>qui</strong></span> <span class='ocrx_word' id='word_1_165' title='bbox 407 1884 458 1926; x_wconf 90' lang='lat' dir='ltr'><strong>eos</strong></span> <span class='ocrx_word' id='word_1_166' title='bbox 477 1871 598 1926; x_wconf 89' lang='lat' dir='ltr'><strong>arceant</strong></span> <span class='ocrx_word' id='word_1_167' title='bbox 613 1883 630 1924; x_wconf 90' lang='lat' dir='ltr'><strong>a</strong></span> <span class='ocrx_word' id='word_1_168' title='bbox 644 1861 831 1924; x_wconf 89' lang='lat' dir='ltr'><strong>consecutio·</strong></span> <span class='ocrx_word' id='word_1_169' title='bbox 871 1865 1051 1938; x_wconf 85' lang='lat' dir='ltr'><strong>naturalem,</strong></span> <span class='ocrx_word' id='word_1_170' title='bbox 1072 1883 1170 1944; x_wconf 93' lang='lat' dir='ltr'><strong>neque</strong></span> <span class='ocrx_word' id='word_1_171' title='bbox 1185 1866 1222 1926; x_wconf 86' lang='lat' dir='ltr'><strong>ab</strong></span> <span class='ocrx_word' id='word_1_172' title='bbox 1241 1865 1306 1927; x_wconf 90' lang='lat' dir='ltr'><strong>istis</strong></span> <span class='ocrx_word' id='word_1_173' title='bbox 1332 1866 1469 1928; x_wconf 92' lang='lat' dir='ltr'><strong>crimini·</strong></span> 
     </span>
     <span class='ocr_line' id='line_1_19' title="bbox 226 1946 1467 2030; baseline 0.001 -20"><span class='ocrx_word' id='word_1_174' title='bbox 226 1969 264 2011; x_wconf 92' lang='lat' dir='ltr'><strong>ne</strong></span> <span class='ocrx_word' id='word_1_175' title='bbox 281 1961 427 2012; x_wconf 86' lang='lat' dir='ltr'><strong>aeternae</strong></span> <span class='ocrx_word' id='word_1_176' title='bbox 443 1948 549 2010; x_wconf 88' lang='lat' dir='ltr'><strong>salutis</strong></span> <span class='ocrx_word' id='word_1_177' title='bbox 569 1957 660 2027; x_wconf 90' lang='lat' dir='ltr'><strong>atque</strong></span> <span class='ocrx_word' id='word_1_178' title='bbox 675 1946 832 2026; x_wconf 89' lang='lat' dir='ltr'><strong>sempiter-</strong></span> <span class='ocrx_word' id='word_1_179' title='bbox 871 1946 928 2008; x_wconf 93' lang='lat' dir='ltr'><strong>bus</strong></span> <span class='ocrx_word' id='word_1_180' title='bbox 946 1947 1011 2008; x_wconf 90' lang='lat' dir='ltr'><strong>sine</strong></span> <span class='ocrx_word' id='word_1_181' title='bbox 1030 1947 1087 2008; x_wconf 79' lang='lat' dir='ltr'><strong>side</strong></span> <span class='ocrx_word' id='word_1_182' title='bbox 1103 1967 1135 2009; x_wconf 87' lang='lat' dir='ltr'><strong>se</strong></span> <span class='ocrx_word' id='word_1_183' title='bbox 1165 1950 1305 2030; x_wconf 82' lang='lat' dir='ltr'><strong>expedire</strong></span> <span class='ocrx_word' id='word_1_184' title='bbox 1332 1952 1467 2028; x_wconf 88' lang='lat' dir='ltr'><strong>valcant,</strong></span> 
     </span>
     <span class='ocr_line' id='line_1_20' title="bbox 227 2030 1470 2114; baseline 0 -20"><span class='ocrx_word' id='word_1_185' title='bbox 227 2054 264 2094; x_wconf 94' lang='lat' dir='ltr'><strong>no</strong></span> <span class='ocrx_word' id='word_1_186' title='bbox 281 2033 378 2094; x_wconf 84' lang='lat' dir='ltr'><strong>exitio</strong></span> <span class='ocrx_word' id='word_1_187' title='bbox 393 2032 498 2108; x_wconf 91' lang='lat' dir='ltr'><strong>dignos</strong></span> <span class='ocrx_word' id='word_1_188' title='bbox 517 2032 657 2107; x_wconf 79' lang='lat' dir='ltr'><strong>efficiant3</strong></span> <span class='ocrx_word' id='word_1_189' title='bbox 671 2030 744 2091; x_wconf 83' lang='lat' dir='ltr'><strong>tales</strong></span> <span class='ocrx_word' id='word_1_190' title='bbox 761 2038 832 2090; x_wconf 94' lang='lat' dir='ltr'><strong>sunt</strong></span> <span class='ocrx_word' id='word_1_191' title='bbox 871 2049 969 2110; x_wconf 90' lang='lat' dir='ltr'><strong>neque</strong></span> <span class='ocrx_word' id='word_1_192' title='bbox 982 2031 1060 2111; x_wconf 90' lang='lat' dir='ltr'><strong>apud</strong></span> <span class='ocrx_word' id='word_1_193' title='bbox 1072 2031 1163 2092; x_wconf 87' lang='lat' dir='ltr'><strong>ileum</strong></span> <span class='ocrx_word' id='word_1_194' title='bbox 1176 2031 1343 2094; x_wconf 79' lang='lat' dir='ltr'><strong>iustificari:</strong></span> <span class='ocrx_word' id='word_1_195' title='bbox 1366 2033 1470 2114; x_wconf 91' lang='lat' dir='ltr'><strong>ecquis</strong></span> 
     </span>
     <span class='ocr_line' id='line_1_21' title="bbox 228 2114 1470 2199; baseline 0 -21"><span class='ocrx_word' id='word_1_196' title='bbox 228 2115 656 2199; x_wconf 70' lang='lat' dir='ltr'><strong>polytheismus,idololatria,</strong></span> <span class='ocrx_word' id='word_1_197' title='bbox 673 2115 832 2174; x_wconf 92' lang='lat' dir='ltr'><strong>cultussu-</strong></span> <span class='ocrx_word' id='word_1_198' title='bbox 871 2133 932 2175; x_wconf 90' lang='lat' dir='ltr'><strong>non</strong></span> <span class='ocrx_word' id='word_1_199' title='bbox 950 2114 1039 2192; x_wconf 90' lang='lat' dir='ltr'><strong>videt,</strong></span> <span class='ocrx_word' id='word_1_200' title='bbox 1063 2115 1212 2176; x_wconf 89' lang='lat' dir='ltr'><strong>eiusmodi</strong></span> <span class='ocrx_word' id='word_1_201' title='bbox 1246 2117 1332 2178; x_wconf 90' lang='lat' dir='ltr'><strong>malis</strong></span> <span class='ocrx_word' id='word_1_202' title='bbox 1362 2135 1470 2178; x_wconf 91' lang='lat' dir='ltr'><strong>occur-</strong></span> 
     </span>
     <span class='ocr_line' id='line_1_22' title="bbox 228 2196 1471 2282; baseline 0 -20"><span class='ocrx_word' id='word_1_203' title='bbox 228 2201 435 2282; x_wconf 90' lang='lat' dir='ltr'><strong>perstitiosus,</strong></span> <span class='ocrx_word' id='word_1_204' title='bbox 456 2198 585 2260; x_wconf 89' lang='lat' dir='ltr'><strong>crudelis</strong></span> <span class='ocrx_word' id='word_1_205' title='bbox 601 2197 711 2280; x_wconf 89' lang='lat' dir='ltr'><strong>passim</strong></span> <span class='ocrx_word' id='word_1_206' title='bbox 731 2216 766 2258; x_wconf 91' lang='lat' dir='ltr'><strong>ac</strong></span> <span class='ocrx_word' id='word_1_207' title='bbox 780 2196 834 2258; x_wconf 86' lang='lat' dir='ltr'><strong>ob·</strong></span> <span class='ocrx_word' id='word_1_208' title='bbox 871 2198 997 2260; x_wconf 91' lang='lat' dir='ltr'><strong>rendum</strong></span> <span class='ocrx_word' id='word_1_209' title='bbox 1030 2217 1096 2260; x_wconf 88' lang='lat' dir='ltr'><strong>esse</strong></span> <span class='ocrx_word' id='word_1_210' title='bbox 1126 2199 1244 2260; x_wconf 90' lang='lat' dir='ltr'><strong>meliori</strong></span> <span class='ocrx_word' id='word_1_211' title='bbox 1277 2200 1389 2275; x_wconf 93' lang='lat' dir='ltr'><strong>modo,</strong></span> <span class='ocrx_word' id='word_1_212' title='bbox 1411 2220 1471 2282; x_wconf 92' lang='lat' dir='ltr'><strong>quo</strong></span> 
     </span>
     <span class='ocr_line' id='line_1_23' title="bbox 228 2281 1472 2364; baseline 0 -18"><span class='ocrx_word' id='word_1_213' title='bbox 228 2304 387 2362; x_wconf 89' lang='lat' dir='ltr'><strong>scoenus,</strong></span> <span class='ocrx_word' id='word_1_214' title='bbox 426 2282 571 2364; x_wconf 77' lang='lat' dir='ltr'><strong>professio</strong></span> <span class='ocrx_word' id='word_1_215' title='bbox 604 2282 830 2344; x_wconf 90' lang='lat' dir='ltr'><strong>innumerorum</strong></span> <span class='ocrx_word' id='word_1_216' title='bbox 871 2282 1079 2362; x_wconf 79' lang='lat' dir='ltr'><strong>fieripotesti</strong></span> <span class='ocrx_word' id='word_1_217' title='bbox 1107 2281 1181 2344; x_wconf 86' lang='lat' dir='ltr'><strong>Nam</strong></span> <span class='ocrx_word' id='word_1_218' title='bbox 1210 2283 1281 2345; x_wconf 89' lang='lat' dir='ltr'><strong>licet</strong></span> <span class='ocrx_word' id='word_1_219' title='bbox 1309 2285 1472 2346; x_wconf 85' lang='lat' dir='ltr'><strong>infidelitas</strong></span> 
     </span>
     <span class='ocr_line' id='line_1_24' title="bbox 228 2365 1470 2450; baseline -0.002 -20"><span class='ocrx_word' id='word_1_220' title='bbox 228 2388 324 2450; x_wconf 89' lang='lat' dir='ltr'><strong>prope</strong></span> <span class='ocrx_word' id='word_1_221' title='bbox 340 2369 484 2429; x_wconf 84' lang='lat' dir='ltr'><strong>salsorum</strong></span> <span class='ocrx_word' id='word_1_222' title='bbox 504 2365 737 2447; x_wconf 81' lang='lat' dir='ltr'><strong>principiorum,</strong></span> <span class='ocrx_word' id='word_1_223' title='bbox 755 2384 833 2444; x_wconf 87' lang='lat' dir='ltr'><strong>quae</strong></span> <span class='ocrx_word' id='word_1_224' title='bbox 873 2366 1008 2444; x_wconf 89' lang='lat' dir='ltr'><strong>negativa</strong></span> <span class='ocrx_word' id='word_1_225' title='bbox 1025 2366 1062 2427; x_wconf 91' lang='lat' dir='ltr'><strong>ad</strong></span> <span class='ocrx_word' id='word_1_226' title='bbox 1081 2367 1199 2446; x_wconf 91' lang='lat' dir='ltr'><strong>culpam</strong></span> <span class='ocrx_word' id='word_1_227' title='bbox 1219 2385 1279 2428; x_wconf 92' lang='lat' dir='ltr'><strong>non</strong></span> <span class='ocrx_word' id='word_1_228' title='bbox 1295 2367 1470 2450; x_wconf 88' lang='lat' dir='ltr'><strong>imputetur,</strong></span> 
     </span>
     <span class='ocr_line' id='line_1_25' title="bbox 229 2448 1474 2533; baseline -0.002 -19"><span class='ocrx_word' id='word_1_229' title='bbox 229 2453 267 2514; x_wconf 93' lang='lat' dir='ltr'><strong>ad</strong></span> <span class='ocrx_word' id='word_1_230' title='bbox 304 2452 466 2528; x_wconf 89' lang='lat' dir='ltr'><strong>omnigena</strong></span> <span class='ocrx_word' id='word_1_231' title='bbox 493 2451 576 2527; x_wconf 90' lang='lat' dir='ltr'><strong>vitia,</strong></span> <span class='ocrx_word' id='word_1_232' title='bbox 606 2449 644 2510; x_wconf 91' lang='lat' dir='ltr'><strong>ad</strong></span> <span class='ocrx_word' id='word_1_233' title='bbox 675 2448 834 2530; x_wconf 89' lang='lat' dir='ltr'><strong>explendas</strong></span> <span class='ocrx_word' id='word_1_234' title='bbox 873 2449 1041 2528; x_wconf 87' lang='lat' dir='ltr'><strong>ignorantia</strong></span> <span class='ocrx_word' id='word_1_235' title='bbox 1060 2457 1159 2512; x_wconf 88' lang='lat' dir='ltr'><strong>tamen</strong></span> <span class='ocrx_word' id='word_1_236' title='bbox 1179 2451 1241 2528; x_wconf 90' lang='lat' dir='ltr'><strong>illa,</strong></span> <span class='ocrx_word' id='word_1_237' title='bbox 1259 2452 1290 2512; x_wconf 91' lang='lat' dir='ltr'><strong>in</strong></span> <span class='ocrx_word' id='word_1_238' title='bbox 1303 2472 1363 2533; x_wconf 93' lang='lat' dir='ltr'><strong>qua</strong></span> <span class='ocrx_word' id='word_1_239' title='bbox 1374 2453 1404 2513; x_wconf 92' lang='lat' dir='ltr'><strong>hi</strong></span> <span class='ocrx_word' id='word_1_240' title='bbox 1416 2452 1474 2532; x_wconf 90' lang='lat' dir='ltr'><strong>ipsi</strong></span> 
     </span>
     <span class='ocr_line' id='line_1_26' title="bbox 230 2533 1475 2618; baseline -0.001 -21"><span class='ocrx_word' id='word_1_241' title='bbox 230 2536 356 2616; x_wconf 89' lang='lat' dir='ltr'><strong>quasvis</strong></span> <span class='ocrx_word' id='word_1_242' title='bbox 371 2534 549 2616; x_wconf 88' lang='lat' dir='ltr'><strong>cupiditates</strong></span> <span class='ocrx_word' id='word_1_243' title='bbox 567 2533 834 2614; x_wconf 88' lang='lat' dir='ltr'><strong>quibusirretiun-</strong></span> <span class='ocrx_word' id='word_1_244' title='bbox 873 2533 1012 2595; x_wconf 88' lang='lat' dir='ltr'><strong>infideles</strong></span> <span class='ocrx_word' id='word_1_245' title='bbox 1029 2543 1183 2596; x_wconf 88' lang='lat' dir='ltr'><strong>versantur</strong></span> <span class='ocrx_word' id='word_1_246' title='bbox 1209 2535 1289 2596; x_wconf 91' lang='lat' dir='ltr'><strong>circa</strong></span> <span class='ocrx_word' id='word_1_247' title='bbox 1313 2537 1475 2618; x_wconf 89' lang='lat' dir='ltr'><strong>praecipua</strong></span> 
     </span>
     <span class='ocr_line' id='line_1_27' title="bbox 232 2617 1474 2700; baseline -0.001 -19"><span class='ocrx_word' id='word_1_248' title='bbox 232 2628 330 2681; x_wconf 90' lang='lat' dir='ltr'><strong>toret</strong></span> <span class='ocrx_word' id='word_1_249' title='bbox 349 2619 457 2700; x_wconf 86' lang='lat' dir='ltr'><strong>captivi</strong></span> <span class='ocrx_word' id='word_1_250' title='bbox 471 2617 642 2680; x_wconf 88' lang='lat' dir='ltr'><strong>efficiuntur</strong></span> <span class='ocrx_word' id='word_1_251' title='bbox 656 2617 737 2697; x_wconf 91' lang='lat' dir='ltr'><strong>ipsos</strong></span> <span class='ocrx_word' id='word_1_252' title='bbox 765 2635 835 2697; x_wconf 88' lang='lat' dir='ltr'><strong>per·</strong></span> <span class='ocrx_word' id='word_1_253' title='bbox 875 2617 980 2678; x_wconf 85' lang='lat' dir='ltr'><strong>saltem</strong></span> <span class='ocrx_word' id='word_1_254' title='bbox 991 2617 1064 2693; x_wconf 90' lang='lat' dir='ltr'><strong>legis</strong></span> <span class='ocrx_word' id='word_1_255' title='bbox 1073 2619 1218 2680; x_wconf 87' lang='lat' dir='ltr'><strong>naturalis</strong></span> <span class='ocrx_word' id='word_1_256' title='bbox 1227 2631 1395 2700; x_wconf 89' lang='lat' dir='ltr'><strong>praecepta,</strong></span> <span class='ocrx_word' id='word_1_257' title='bbox 1406 2617 1474 2680; x_wconf 85' lang='lat' dir='ltr'><strong>cum</strong></span> 
     </span>
     <span class='ocr_line' id='line_1_28' title="bbox 232 2699 1475 2784; baseline -0.001 -20"><span class='ocrx_word' id='word_1_258' title='bbox 232 2704 365 2767; x_wconf 88' lang='lat' dir='ltr'><strong>ducunt:</strong></span> <span class='ocrx_word' id='word_1_259' title='bbox 385 2711 476 2784; x_wconf 92' lang='lat' dir='ltr'><strong>atque</strong></span> <span class='ocrx_word' id='word_1_260' title='bbox 507 2702 581 2764; x_wconf 93' lang='lat' dir='ltr'><strong>haec</strong></span> <span class='ocrx_word' id='word_1_261' title='bbox 606 2709 651 2762; x_wconf 92' lang='lat' dir='ltr'><strong>est</strong></span> <span class='ocrx_word' id='word_1_262' title='bbox 678 2700 767 2776; x_wconf 88' lang='lat' dir='ltr'><strong>ratio,</strong></span> <span class='ocrx_word' id='word_1_263' title='bbox 794 2699 835 2780; x_wconf 15' lang='lat' dir='ltr'><strong>,oh</strong></span> <span class='ocrx_word' id='word_1_264' title='bbox 875 2701 1084 2778; x_wconf 81' lang='lat' dir='ltr'><strong>vincibilissit,</strong></span> <span class='ocrx_word' id='word_1_265' title='bbox 1101 2701 1229 2782; x_wconf 93' lang='lat' dir='ltr'><strong>ideoque</strong></span> <span class='ocrx_word' id='word_1_266' title='bbox 1248 2703 1417 2784; x_wconf 92' lang='lat' dir='ltr'><strong>culpabilis,</strong></span> <span class='ocrx_word' id='word_1_267' title='bbox 1432 2703 1475 2764; x_wconf 91' lang='lat' dir='ltr'><strong>rei</strong></span> 
     </span>
     <span class='ocr_line' id='line_1_29' title="bbox 233 2782 1468 2868; baseline -0.004 -19"><span class='ocrx_word' id='word_1_268' title='bbox 233 2807 327 2868; x_wconf 91' lang='lat' dir='ltr'><strong>quam</strong></span> <span class='ocrx_word' id='word_1_269' title='bbox 349 2784 478 2849; x_wconf 89' lang='lat' dir='ltr'><strong>ecclesia</strong></span> <span class='ocrx_word' id='word_1_270' title='bbox 504 2804 538 2846; x_wconf 83' lang='lat' dir='ltr'><strong>er</strong></span> <span class='ocrx_word' id='word_1_271' title='bbox 566 2783 674 2848; x_wconf 84' lang='lat' dir='ltr'><strong>Christi</strong></span> <span class='ocrx_word' id='word_1_272' title='bbox 698 2782 837 2844; x_wconf 89' lang='lat' dir='ltr'><strong>mandato</strong></span> <span class='ocrx_word' id='word_1_273' title='bbox 878 2783 1048 2845; x_wconf 86' lang='lat' dir='ltr'><strong>efficiuntur</strong></span> <span class='ocrx_word' id='word_1_274' title='bbox 1059 2791 1199 2846; x_wconf 89' lang='lat' dir='ltr'><strong>aeternae</strong></span> <span class='ocrx_word' id='word_1_275' title='bbox 1214 2805 1339 2866; x_wconf 80' lang='lat' dir='ltr'><strong>poenae3</strong></span> <span class='ocrx_word' id='word_1_276' title='bbox 1356 2785 1468 2846; x_wconf 88' lang='lat' dir='ltr'><strong>cumin·</strong></span> 
     </span>
     <span class='ocr_line' id='line_1_30' title="bbox 233 2866 1475 2952; baseline -0.004 -20"><span class='ocrx_word' id='word_1_277' title='bbox 233 2871 345 2952; x_wconf 92' lang='lat' dir='ltr'><strong>quovis</strong></span> <span class='ocrx_word' id='word_1_278' title='bbox 362 2880 496 2952; x_wconf 91' lang='lat' dir='ltr'><strong>tempore</strong></span> <span class='ocrx_word' id='word_1_279' title='bbox 524 2869 562 2931; x_wconf 89' lang='lat' dir='ltr'><strong>ad</strong></span> <span class='ocrx_word' id='word_1_280' title='bbox 577 2867 771 2930; x_wconf 88' lang='lat' dir='ltr'><strong>densissimas</strong></span> <span class='ocrx_word' id='word_1_281' title='bbox 803 2886 838 2928; x_wconf 92' lang='lat' dir='ltr'><strong>e·</strong></span> <span class='ocrx_word' id='word_1_282' title='bbox 879 2885 970 2947; x_wconf 91' lang='lat' dir='ltr'><strong>super</strong></span> <span class='ocrx_word' id='word_1_283' title='bbox 989 2885 1023 2927; x_wconf 83' lang='lat' dir='ltr'><strong>er</strong></span> <span class='ocrx_word' id='word_1_284' title='bbox 1038 2866 1125 2928; x_wconf 91' lang='lat' dir='ltr'><strong>dictis</strong></span> <span class='ocrx_word' id='word_1_285' title='bbox 1138 2868 1248 2947; x_wconf 88' lang='lat' dir='ltr'><strong>pariter</strong></span> <span class='ocrx_word' id='word_1_286' title='bbox 1258 2869 1289 2929; x_wconf 94' lang='lat' dir='ltr'><strong>in</strong></span> <span class='ocrx_word' id='word_1_287' title='bbox 1308 2869 1475 2950; x_wconf 88' lang='lat' dir='ltr'><strong>cnlpasint,</strong></span> 
     </span>
     <span class='ocr_line' id='line_1_31' title="bbox 233 2951 1466 3034; baseline -0.003 -18"><span class='ocrx_word' id='word_1_288' title='bbox 233 2955 370 3017; x_wconf 89' lang='lat' dir='ltr'><strong>iusmodi</strong></span> <span class='ocrx_word' id='word_1_289' title='bbox 387 2954 526 3016; x_wconf 89' lang='lat' dir='ltr'><strong>tenebras</strong></span> <span class='ocrx_word' id='word_1_290' title='bbox 545 2952 732 3033; x_wconf 89' lang='lat' dir='ltr'><strong>dissipandas</strong></span> <span class='ocrx_word' id='word_1_291' title='bbox 752 2969 838 3012; x_wconf 87' lang='lat' dir='ltr'><strong>evan·</strong></span> <span class='ocrx_word' id='word_1_292' title='bbox 879 2959 1028 3031; x_wconf 90' lang='lat' dir='ltr'><strong>quotquot</strong></span> <span class='ocrx_word' id='word_1_293' title='bbox 1045 2951 1231 3030; x_wconf 86' lang='lat' dir='ltr'><strong>infidelitate,</strong></span> <span class='ocrx_word' id='word_1_294' title='bbox 1252 2971 1341 3034; x_wconf 87' lang='lat' dir='ltr'><strong>quam</strong></span> <span class='ocrx_word' id='word_1_295' title='bbox 1360 2952 1466 3034; x_wconf 92' lang='lat' dir='ltr'><strong>privati</strong></span> 
     </span>
     <span class='ocr_line' id='line_1_32' title="bbox 232 3036 1478 3117; baseline -0.004 -16"><span class='ocrx_word' id='word_1_296' title='bbox 232 3039 351 3117; x_wconf 90' lang='lat' dir='ltr'><strong>gelicos</strong></span> <span class='ocrx_word' id='word_1_297' title='bbox 370 3038 463 3116; x_wconf 92' lang='lat' dir='ltr'><strong>misit,</strong></span> <span class='ocrx_word' id='word_1_298' title='bbox 483 3037 634 3117; x_wconf 91' lang='lat' dir='ltr'><strong>mittitque</strong></span> <span class='ocrx_word' id='word_1_299' title='bbox 663 3054 836 3116; x_wconf 91' lang='lat' dir='ltr'><strong>praecones,</strong></span> <span class='ocrx_word' id='word_1_300' title='bbox 879 3053 945 3097; x_wconf 88' lang='lat' dir='ltr'><strong>vam</strong></span> <span class='ocrx_word' id='word_1_301' title='bbox 964 3036 1224 3115; x_wconf 51' lang='lat' dir='ltr'><strong>,nuncupavimus</strong></span> <span class='ocrx_word' id='word_1_302' title='bbox 1245 3036 1403 3114; x_wconf 91' lang='lat' dir='ltr'><strong>laborant,</strong></span> <span class='ocrx_word' id='word_1_303' title='bbox 1434 3036 1478 3097; x_wconf 91' lang='lat' dir='ltr'><strong>uti</strong></span> 
     </span>
     <span class='ocr_line' id='line_1_33' title="bbox 234 3118 1479 3203; baseline -0.004 -18"><span class='ocrx_word' id='word_1_304' title='bbox 234 3133 331 3203; x_wconf 92' lang='lat' dir='ltr'><strong>atque</strong></span> <span class='ocrx_word' id='word_1_305' title='bbox 350 3123 388 3184; x_wconf 93' lang='lat' dir='ltr'><strong>ad</strong></span> <span class='ocrx_word' id='word_1_306' title='bbox 416 3121 485 3183; x_wconf 86' lang='lat' dir='ltr'><strong>lidci</strong></span> <span class='ocrx_word' id='word_1_307' title='bbox 521 3120 688 3200; x_wconf 88' lang='lat' dir='ltr'><strong>salutisque</strong></span> <span class='ocrx_word' id='word_1_308' title='bbox 721 3128 838 3200; x_wconf 89' lang='lat' dir='ltr'><strong>portum</strong></span> <span class='ocrx_word' id='word_1_309' title='bbox 881 3137 960 3180; x_wconf 91' lang='lat' dir='ltr'><strong>nunc</strong></span> <span class='ocrx_word' id='word_1_310' title='bbox 974 3118 1110 3200; x_wconf 89' lang='lat' dir='ltr'><strong>plerique</strong></span> <span class='ocrx_word' id='word_1_311' title='bbox 1128 3121 1232 3200; x_wconf 91' lang='lat' dir='ltr'><strong>populi</strong></span> <span class='ocrx_word' id='word_1_312' title='bbox 1250 3128 1331 3196; x_wconf 90' lang='lat' dir='ltr'><strong>sunt,</strong></span> <span class='ocrx_word' id='word_1_313' title='bbox 1352 3121 1383 3182; x_wconf 93' lang='lat' dir='ltr'><strong>in</strong></span> <span class='ocrx_word' id='word_1_314' title='bbox 1401 3127 1479 3181; x_wconf 91' lang='lat' dir='ltr'><strong>statu</strong></span> 
     </span>
     <span class='ocr_line' id='line_1_34' title="bbox 236 3202 1479 3286; baseline -0.004 -18"><span class='ocrx_word' id='word_1_315' title='bbox 236 3207 348 3284; x_wconf 92' lang='lat' dir='ltr'><strong>omni,</strong></span> <span class='ocrx_word' id='word_1_316' title='bbox 369 3225 430 3286; x_wconf 91' lang='lat' dir='ltr'><strong>qua</strong></span> <span class='ocrx_word' id='word_1_317' title='bbox 466 3212 585 3286; x_wconf 90' lang='lat' dir='ltr'><strong>potest,</strong></span> <span class='ocrx_word' id='word_1_318' title='bbox 605 3222 669 3284; x_wconf 88' lang='lat' dir='ltr'><strong>ope·</strong></span> <span class='ocrx_word' id='word_1_319' title='bbox 692 3203 840 3266; x_wconf 90' lang='lat' dir='ltr'><strong>adducere</strong></span> <span class='ocrx_word' id='word_1_320' title='bbox 882 3202 993 3284; x_wconf 89' lang='lat' dir='ltr'><strong>pariter</strong></span> <span class='ocrx_word' id='word_1_321' title='bbox 1010 3202 1186 3284; x_wconf 89' lang='lat' dir='ltr'><strong>perditionis</strong></span> <span class='ocrx_word' id='word_1_322' title='bbox 1215 3204 1419 3266; x_wconf 87' lang='lat' dir='ltr'><strong>inveniuntur.</strong></span> <span class='ocrx_word' id='word_1_323' title='bbox 1448 3203 1479 3264; x_wconf 92' lang='lat' dir='ltr'><strong>In</strong></span> 
     </span>
     <span class='ocr_line' id='line_1_35' title="bbox 236 3285 1481 3368; baseline -0.002 -18"><span class='ocrx_word' id='word_1_324' title='bbox 236 3291 294 3352; x_wconf 92' lang='lat' dir='ltr'><strong>hos</strong></span> <span class='ocrx_word' id='word_1_325' title='bbox 312 3290 450 3352; x_wconf 82' lang='lat' dir='ltr'><strong>infelices</strong></span> <span class='ocrx_word' id='word_1_326' title='bbox 468 3288 573 3355; x_wconf 90' lang='lat' dir='ltr'><strong>adnisa</strong></span> <span class='ocrx_word' id='word_1_327' title='bbox 603 3296 649 3350; x_wconf 91' lang='lat' dir='ltr'><strong>est</strong></span> <span class='ocrx_word' id='word_1_328' title='bbox 675 3295 767 3368; x_wconf 91' lang='lat' dir='ltr'><strong>atque</strong></span> <span class='ocrx_word' id='word_1_329' title='bbox 785 3287 840 3348; x_wconf 91' lang='lat' dir='ltr'><strong>ad·</strong></span> <span class='ocrx_word' id='word_1_330' title='bbox 883 3285 1376 3367; x_wconf 85' lang='lat' dir='ltr'><strong>omnemsiquidemterramexivit</strong></span> <span class='ocrx_word' id='word_1_331' title='bbox 1390 3305 1481 3349; x_wconf 90' lang='lat' dir='ltr'><strong>sonus</strong></span> 
     </span>
     <span class='ocr_line' id='line_1_36' title="bbox 236 3371 1481 3452; baseline -0.002 -18"><span class='ocrx_word' id='word_1_332' title='bbox 236 3375 358 3435; x_wconf 89' lang='lat' dir='ltr'><strong>nititur.</strong></span> <span class='ocrx_word' id='word_1_333' title='bbox 883 3379 913 3432; x_wconf 90' lang='lat' dir='ltr'><strong>et</strong></span> <span class='ocrx_word' id='word_1_334' title='bbox 932 3371 1136 3451; x_wconf 89' lang='lat' dir='ltr'><strong>apostolorum</strong></span> <span class='ocrx_word' id='word_1_335' title='bbox 1152 3379 1241 3452; x_wconf 91' lang='lat' dir='ltr'><strong>atque</strong></span> <span class='ocrx_word' id='word_1_336' title='bbox 1249 3372 1481 3452; x_wconf 90' lang='lat' dir='ltr'><strong>apostolicorum</strong></span> 
     </span>
     <span class='ocr_line' id='line_1_37' title="bbox 280 3452 1482 3536; baseline -0.003 -18"><span class='ocrx_word' id='word_1_337' title='bbox 280 3457 357 3518; x_wconf 87' lang='grc'><strong>454.</strong></span> <span class='ocrx_word' id='word_1_338' title='bbox 375 3455 455 3520; x_wconf 86' lang='lat' dir='ltr'><strong>Haec</strong></span> <span class='ocrx_word' id='word_1_339' title='bbox 470 3452 843 3518; x_wconf 87' lang='lat' dir='ltr'><strong>adverterevoluimused-</strong></span> <span class='ocrx_word' id='word_1_340' title='bbox 883 3454 1029 3528; x_wconf 88' lang='lat' dir='ltr'><strong>virorum,</strong></span> <span class='ocrx_word' id='word_1_341' title='bbox 1046 3473 1081 3515; x_wconf 87' lang='lat' dir='ltr'><strong>ac</strong></span> <span class='ocrx_word' id='word_1_342' title='bbox 1101 3464 1258 3536; x_wconf 89' lang='lat' dir='ltr'><strong>propterea</strong></span> <span class='ocrx_word' id='word_1_343' title='bbox 1289 3455 1408 3516; x_wconf 86' lang='lat' dir='ltr'><strong>difficile</strong></span> <span class='ocrx_word' id='word_1_344' title='bbox 1422 3455 1482 3516; x_wconf 88' lang='lat' dir='ltr'><strong>iam</strong></span> 
     </span>
     <span class='ocr_line' id='line_1_38' title="bbox 238 3536 1483 3618; baseline -0.001 -19"><span class='ocrx_word' id='word_1_345' title='bbox 238 3539 777 3612; x_wconf 84' lang='lat' dir='ltr'><strong>versusincredulosaetatisnostrae,</strong></span> <span class='ocrx_word' id='word_1_346' title='bbox 790 3536 842 3618; x_wconf 91' lang='lat' dir='ltr'><strong>qui</strong></span> <span class='ocrx_word' id='word_1_347' title='bbox 884 3537 1044 3598; x_wconf 89' lang='lat' dir='ltr'><strong>admodum</strong></span> <span class='ocrx_word' id='word_1_348' title='bbox 1078 3546 1123 3598; x_wconf 91' lang='lat' dir='ltr'><strong>est</strong></span> <span class='ocrx_word' id='word_1_349' title='bbox 1148 3539 1279 3618; x_wconf 89' lang='lat' dir='ltr'><strong>reperire</strong></span> <span class='ocrx_word' id='word_1_350' title='bbox 1297 3546 1423 3614; x_wconf 90' lang='lat' dir='ltr'><strong>gentes,</strong></span> <span class='ocrx_word' id='word_1_351' title='bbox 1445 3537 1483 3598; x_wconf 89' lang='lat' dir='ltr'><strong>ad</strong></span> 
     </span>
     <span class='ocr_line' id='line_1_39' title="bbox 240 3619 1483 3704; baseline -0.003 -20"><span class='ocrx_word' id='word_1_352' title='bbox 240 3621 762 3704; x_wconf 88' lang='lat' dir='ltr'><strong>hancoperariorumcatholicorum</strong></span> <span class='ocrx_word' id='word_1_353' title='bbox 772 3621 844 3682; x_wconf 90' lang='lat' dir='ltr'><strong>mis-</strong></span> <span class='ocrx_word' id='word_1_354' title='bbox 885 3638 960 3700; x_wconf 90' lang='lat' dir='ltr'><strong>quas</strong></span> <span class='ocrx_word' id='word_1_355' title='bbox 980 3639 1039 3680; x_wconf 91' lang='lat' dir='ltr'><strong>nou</strong></span> <span class='ocrx_word' id='word_1_356' title='bbox 1061 3621 1227 3700; x_wconf 89' lang='lat' dir='ltr'><strong>pervenerit</strong></span> <span class='ocrx_word' id='word_1_357' title='bbox 1243 3620 1387 3697; x_wconf 91' lang='lat' dir='ltr'><strong>evangelii</strong></span> <span class='ocrx_word' id='word_1_358' title='bbox 1402 3619 1483 3681; x_wconf 91' lang='lat' dir='ltr'><strong>noti-</strong></span> 
     </span>
     <span class='ocr_line' id='line_1_40' title="bbox 238 3701 1484 3788; baseline -0.003 -20"><span class='ocrx_word' id='word_1_359' title='bbox 238 3708 360 3772; x_wconf 86' lang='lat' dir='ltr'><strong>sionem</strong></span> <span class='ocrx_word' id='word_1_360' title='bbox 378 3727 438 3769; x_wconf 92' lang='lat' dir='ltr'><strong>non</strong></span> <span class='ocrx_word' id='word_1_361' title='bbox 457 3707 546 3770; x_wconf 89' lang='lat' dir='ltr'><strong>modo</strong></span> <span class='ocrx_word' id='word_1_362' title='bbox 573 3705 656 3788; x_wconf 89' lang='lat' dir='ltr'><strong>parvi</strong></span> <span class='ocrx_word' id='word_1_363' title='bbox 683 3705 841 3787; x_wconf 87' lang='lat' dir='ltr'><strong>pendunt,</strong></span> <span class='ocrx_word' id='word_1_364' title='bbox 885 3705 938 3765; x_wconf 88' lang='lat' dir='ltr'><strong>tia.</strong></span> <span class='ocrx_word' id='word_1_365' title='bbox 953 3701 1075 3773; x_wconf 87' lang='lat' dir='ltr'><strong>Quodsi</strong></span> <span class='ocrx_word' id='word_1_366' title='bbox 1087 3704 1162 3765; x_wconf 91' lang='lat' dir='ltr'><strong>istae</strong></span> <span class='ocrx_word' id='word_1_367' title='bbox 1175 3703 1484 3782; x_wconf 89' lang='lat' dir='ltr'><strong>negligautinqnirere</strong></span> 
     </span>
     <span class='ocr_line' id='line_1_41' title="bbox 886 3787 1484 3868; baseline -0.005 -19"><span class='ocrx_word' id='word_1_368' title='bbox 886 3797 916 3849; x_wconf 89' lang='lat' dir='ltr'><strong>et</strong></span> <span class='ocrx_word' id='word_1_369' title='bbox 935 3787 1111 3862; x_wconf 87' lang='lat' dir='ltr'><strong>investigare</strong></span> <span class='ocrx_word' id='word_1_370' title='bbox 1127 3788 1322 3848; x_wconf 88' lang='lat' dir='ltr'><strong>sufficientem</strong></span> <span class='ocrx_word' id='word_1_371' title='bbox 1345 3787 1484 3868; x_wconf 90' lang='lat' dir='ltr'><strong>proposi-</strong></span> 
     </span>
    </p>
   </div>
   <div class='ocr_carea' id='block_1_3' title="bbox 242 3869 1490 4620">
    <p class='ocr_par' dir='ltr' id='par_1_4' title="bbox 242 3869 1489 4224">
     <span class='ocr_line' id='line_1_42' title="bbox 275 3869 1486 3957; baseline -0.005 -19"><span class='ocrx_word' id='word_1_372' title='bbox 275 3887 843 3957; x_wconf 58' lang='lat' dir='ltr'><strong>(ttctmtdhtegspmoctqoe,tamenin.</strong></span> <span class='ocrx_word' id='word_1_373' title='bbox 888 3871 1000 3932; x_wconf 91' lang='lat' dir='ltr'><strong>tionem</strong></span> <span class='ocrx_word' id='word_1_374' title='bbox 1032 3869 1112 3948; x_wconf 85' lang='lat' dir='ltr'><strong>fidei,</strong></span> <span class='ocrx_word' id='word_1_375' title='bbox 1144 3871 1201 3952; x_wconf 84' lang='lat' dir='ltr'><strong>hoc</strong></span> <span class='ocrx_word' id='word_1_376' title='bbox 1232 3871 1296 3952; x_wconf 89' lang='lat' dir='ltr'><strong>ipso</strong></span> <span class='ocrx_word' id='word_1_377' title='bbox 1316 3871 1389 3952; x_wconf 90' lang='lat' dir='ltr'><strong>ipsis</strong></span> <span class='ocrx_word' id='word_1_378' title='bbox 1418 3869 1486 3932; x_wconf 85' lang='lat' dir='ltr'><strong>irdei</strong></span> 
     </span>
     <span class='ocr_line' id='line_1_43' title="bbox 242 3955 844 4022; baseline -0.002 -17"><span class='ocrx_word' id='word_1_379' title='bbox 242 3955 346 4007; x_wconf 82' lang='lat' dir='ltr'><strong>second.</strong></span> <span class='ocrx_word' id='word_1_380' title='bbox 364 3958 612 4019; x_wconf 69' lang='lat' dir='ltr'><strong>perpetuaretur,</strong></span> <span class='ocrx_word' id='word_1_381' title='bbox 634 3955 710 4020; x_wconf 86' lang='lat' dir='ltr'><strong>clrap.</strong></span> <span class='ocrx_word' id='word_1_382' title='bbox 730 3960 755 4016; x_wconf 90' lang='lat' dir='ltr'><strong>t,</strong></span> <span class='ocrx_word' id='word_1_383' title='bbox 772 3971 844 4022; x_wconf 76' lang='lat' dir='ltr'><strong>seqq.</strong></span> 
     </span>
     <span class='ocr_line' id='line_1_44' title="bbox 243 4017 1487 4089; baseline -0.002 -17"><span class='ocrx_word' id='word_1_384' title='bbox 243 4025 296 4073; x_wconf 89' lang='lat' dir='ltr'><strong>lmo</strong></span> <span class='ocrx_word' id='word_1_385' title='bbox 322 4027 389 4075; x_wconf 81' lang='lat' dir='ltr'><strong>inter</strong></span> <span class='ocrx_word' id='word_1_386' title='bbox 418 4023 566 4089; x_wconf 83' lang='lat' dir='ltr'><strong>anglicanos</strong></span> <span class='ocrx_word' id='word_1_387' title='bbox 593 4031 617 4072; x_wconf 90' lang='lat' dir='ltr'><strong>et</strong></span> <span class='ocrx_word' id='word_1_388' title='bbox 635 4023 743 4072; x_wconf 81' lang='lat' dir='ltr'><strong>maiores</strong></span> <span class='ocrx_word' id='word_1_389' title='bbox 766 4032 847 4072; x_wconf 82' lang='lat' dir='ltr'><strong>sectos</strong></span> <span class='ocrx_word' id='word_1_390' title='bbox 921 4020 958 4085; x_wconf 76' lang='grc' dir='ltr'><strong>(ὅ)</strong></span> <span class='ocrx_word' id='word_1_391' title='bbox 977 4019 1073 4073; x_wconf 86' lang='lat' dir='ltr'><strong>Verum</strong></span> <span class='ocrx_word' id='word_1_392' title='bbox 1091 4017 1156 4070; x_wconf 88' lang='lat' dir='ltr'><strong>illud</strong></span> <span class='ocrx_word' id='word_1_393' title='bbox 1174 4020 1254 4086; x_wconf 81' lang='lat' dir='ltr'><strong>magis</strong></span> <span class='ocrx_word' id='word_1_394' title='bbox 1269 4019 1487 4070; x_wconf 82' lang='lat' dir='ltr'><strong>animadversione</strong></span> 
     </span>
     <span class='ocr_line' id='line_1_45' title="bbox 246 4085 1488 4156; baseline -0.001 -18"><span class='ocrx_word' id='word_1_395' title='bbox 246 4090 441 4142; x_wconf 82' lang='lat' dir='ltr'><strong>l&#39;rotrstantium</strong></span> <span class='ocrx_word' id='word_1_396' title='bbox 470 4089 615 4156; x_wconf 81' lang='lat' dir='ltr'><strong>Baptismus</strong></span> <span class='ocrx_word' id='word_1_397' title='bbox 639 4089 732 4156; x_wconf 83' lang='lat' dir='ltr'><strong>passim</strong></span> <span class='ocrx_word' id='word_1_398' title='bbox 761 4089 845 4154; x_wconf 85' lang='lat' dir='ltr'><strong>negli-</strong></span> <span class='ocrx_word' id='word_1_399' title='bbox 887 4085 993 4153; x_wconf 85' lang='lat' dir='ltr'><strong>(lignum</strong></span> <span class='ocrx_word' id='word_1_400' title='bbox 1012 4095 1126 4152; x_wconf 82' lang='lat' dir='ltr'><strong>apparet,</strong></span> <span class='ocrx_word' id='word_1_401' title='bbox 1149 4086 1215 4154; x_wconf 89' lang='lat' dir='ltr'><strong>quod</strong></span> <span class='ocrx_word' id='word_1_402' title='bbox 1235 4086 1261 4136; x_wconf 87' lang='lat' dir='ltr'><strong>lri</strong></span> <span class='ocrx_word' id='word_1_403' title='bbox 1275 4088 1322 4154; x_wconf 86' lang='lat' dir='ltr'><strong>ipsi</strong></span> <span class='ocrx_word' id='word_1_404' title='bbox 1341 4088 1488 4154; x_wconf 82' lang='lat' dir='ltr'><strong>proselytis-</strong></span> 
     </span>
     <span class='ocr_line' id='line_1_46' title="bbox 244 4153 1489 4224; baseline -0.002 -18"><span class='ocrx_word' id='word_1_405' title='bbox 244 4158 325 4224; x_wconf 81' lang='lat' dir='ltr'><strong>gitur.</strong></span> <span class='ocrx_word' id='word_1_406' title='bbox 888 4171 958 4204; x_wconf 91' lang='lat' dir='ltr'><strong>mum</strong></span> <span class='ocrx_word' id='word_1_407' title='bbox 983 4155 1182 4205; x_wconf 77' lang='lat' dir='ltr'><strong>protestantium</strong></span> <span class='ocrx_word' id='word_1_408' title='bbox 1206 4153 1371 4206; x_wconf 83' lang='lat' dir='ltr'><strong>vehementer</strong></span> <span class='ocrx_word' id='word_1_409' title='bbox 1388 4171 1489 4220; x_wconf 87' lang='lat' dir='ltr'><strong>promo-</strong></span> 
     </span>
    </p>

    <p class='ocr_par' dir='ltr' id='par_1_5' title="bbox 243 4219 1490 4620">
     <span class='ocr_line' id='line_1_47' title="bbox 275 4219 1489 4291; baseline -0.003 -17"><span class='ocrx_word' id='word_1_410' title='bbox 275 4226 315 4291; x_wconf 71' lang='grc' dir='ltr'><strong>(Ξ)</strong></span> <span class='ocrx_word' id='word_1_411' title='bbox 346 4224 388 4278; x_wconf 77' lang='lat' dir='ltr'><strong>Cf.</strong></span> <span class='ocrx_word' id='word_1_412' title='bbox 414 4222 487 4290; x_wconf 85' lang='lat' dir='ltr'><strong>Opus</strong></span> <span class='ocrx_word' id='word_1_413' title='bbox 505 4239 589 4290; x_wconf 82' lang='lat' dir='ltr'><strong>nuper</strong></span> <span class='ocrx_word' id='word_1_414' title='bbox 608 4239 623 4272; x_wconf 88' lang='lat' dir='ltr'><strong>a</strong></span> <span class='ocrx_word' id='word_1_415' title='bbox 641 4219 845 4273; x_wconf 81' lang='lat' dir='ltr'><strong>itobiseditum:</strong></span> <span class='ocrx_word' id='word_1_416' title='bbox 889 4230 964 4272; x_wconf 81' lang='lat' dir='ltr'><strong>vreut</strong></span> <span class='ocrx_word' id='word_1_417' title='bbox 982 4231 1036 4272; x_wconf 87' lang='lat' dir='ltr'><strong>turn</strong></span> <span class='ocrx_word' id='word_1_418' title='bbox 1054 4221 1122 4285; x_wconf 85' lang='lat' dir='ltr'><strong>apud</strong></span> <span class='ocrx_word' id='word_1_419' title='bbox 1137 4221 1282 4281; x_wconf 82' lang='lat' dir='ltr'><strong>catholicos,</strong></span> <span class='ocrx_word' id='word_1_420' title='bbox 1302 4219 1433 4287; x_wconf 85' lang='lat' dir='ltr'><strong>tumepnd</strong></span> <span class='ocrx_word' id='word_1_421' title='bbox 1449 4222 1489 4270; x_wconf 82' lang='lat' dir='ltr'><strong>in-</strong></span> 
     </span>
     <span class='ocr_line' id='line_1_48' title="bbox 244 4287 1487 4356; baseline -0.002 -17"><span class='ocrx_word' id='word_1_422' title='bbox 244 4289 412 4354; x_wconf 79' lang='lat' dir='ltr'><strong>L’apoatoloto</strong></span> <span class='ocrx_word' id='word_1_423' title='bbox 441 4293 552 4340; x_wconf 84' lang='lat' dir='ltr'><strong>cottoltco</strong></span> <span class='ocrx_word' id='word_1_424' title='bbox 583 4294 611 4337; x_wconf 74' lang='lat' dir='ltr'><strong>ad</strong></span> <span class='ocrx_word' id='word_1_425' title='bbox 640 4293 659 4338; x_wconf 88' lang='lat' dir='ltr'><strong>il</strong></span> <span class='ocrx_word' id='word_1_426' title='bbox 687 4293 848 4352; x_wconf 79' lang='lat' dir='ltr'><strong>proaciitt&#39;rmo</strong></span> <span class='ocrx_word' id='word_1_427' title='bbox 889 4288 987 4350; x_wconf 81' lang='lat' dir='ltr'><strong>fideles,</strong></span> <span class='ocrx_word' id='word_1_428' title='bbox 1005 4303 1052 4338; x_wconf 91' lang='lat' dir='ltr'><strong>ncc</strong></span> <span class='ocrx_word' id='word_1_429' title='bbox 1069 4287 1241 4354; x_wconf 78' lang='lat' dir='ltr'><strong>dedignentur</strong></span> <span class='ocrx_word' id='word_1_430' title='bbox 1254 4289 1369 4356; x_wconf 86' lang='lat' dir='ltr'><strong>pecuniis</strong></span> <span class='ocrx_word' id='word_1_431' title='bbox 1381 4290 1487 4338; x_wconf 89' lang='lat' dir='ltr'><strong>cctcris-</strong></span> 
     </span>
     <span class='ocr_line' id='line_1_49' title="bbox 243 4353 1488 4423; baseline -0.004 -16"><span class='ocrx_word' id='word_1_432' title='bbox 243 4365 399 4423; x_wconf 64' lang='lat' dir='ltr'><strong>proterrent»,</strong></span> <span class='ocrx_word' id='word_1_433' title='bbox 419 4363 523 4423; x_wconf 59' lang='lat' dir='ltr'><strong>parnt.</strong></span> <span class='ocrx_word' id='word_1_434' title='bbox 542 4356 564 4408; x_wconf 89' lang='lat' dir='ltr'><strong>tt</strong></span> <span class='ocrx_word' id='word_1_435' title='bbox 579 4359 747 4406; x_wconf 78' lang='lat' dir='ltr'><strong>Proselitt&#39;rmo</strong></span> <span class='ocrx_word' id='word_1_436' title='bbox 768 4362 848 4418; x_wconf 82' lang='lat' dir='ltr'><strong>prote·</strong></span> <span class='ocrx_word' id='word_1_437' title='bbox 889 4373 940 4422; x_wconf 89' lang='lat' dir='ltr'><strong>que</strong></span> <span class='ocrx_word' id='word_1_438' title='bbox 959 4355 1202 4422; x_wconf 81' lang='lat' dir='ltr'><strong>mediisomnigenis</strong></span> <span class='ocrx_word' id='word_1_439' title='bbox 1214 4353 1245 4406; x_wconf 86' lang='lat' dir='ltr'><strong>nd</strong></span> <span class='ocrx_word' id='word_1_440' title='bbox 1260 4359 1370 4422; x_wconf 85' lang='lat' dir='ltr'><strong>ipsorum</strong></span> <span class='ocrx_word' id='word_1_441' title='bbox 1390 4355 1488 4404; x_wconf 76' lang='lat' dir='ltr'><strong>steriles</strong></span> 
     </span>
     <span class='ocr_line' id='line_1_50' title="bbox 244 4421 1488 4491; baseline -0.002 -18"><span class='ocrx_word' id='word_1_442' title='bbox 244 4431 340 4487; x_wconf 76' lang='lat' dir='ltr'><strong>alonte,</strong></span> <span class='ocrx_word' id='word_1_443' title='bbox 370 4427 396 4476; x_wconf 86' lang='lat' dir='ltr'><strong>in</strong></span> <span class='ocrx_word' id='word_1_444' title='bbox 415 4423 574 4491; x_wconf 80' lang='lat' dir='ltr'><strong>appendice:</strong></span> <span class='ocrx_word' id='word_1_445' title='bbox 603 4423 647 4472; x_wconf 81' lang='lat' dir='ltr'><strong>llrt</strong></span> <span class='ocrx_word' id='word_1_446' title='bbox 668 4428 848 4485; x_wconf 73' lang='lat' dir='ltr'><strong>murmuratorem,</strong></span> <span class='ocrx_word' id='word_1_447' title='bbox 889 4433 996 4474; x_wconf 81' lang='lat' dir='ltr'><strong>certatus</strong></span> <span class='ocrx_word' id='word_1_448' title='bbox 1013 4438 1177 4484; x_wconf 81' lang='lat' dir='ltr'><strong>covrcurrere,</strong></span> <span class='ocrx_word' id='word_1_449' title='bbox 1197 4421 1362 4474; x_wconf 83' lang='lat' dir='ltr'><strong>ntEcclesiec</strong></span> <span class='ocrx_word' id='word_1_450' title='bbox 1380 4421 1488 4472; x_wconf 84' lang='lat' dir='ltr'><strong>catholi-</strong></span> 
     </span>
     <span class='ocr_line' id='line_1_51' title="bbox 245 4487 1490 4558; baseline -0.002 -18"><span class='ocrx_word' id='word_1_451' title='bbox 245 4491 261 4558; x_wconf 72' lang='grc'><strong>5</strong></span> <span class='ocrx_word' id='word_1_452' title='bbox 281 4500 305 4544; x_wconf 88' lang='lat' dir='ltr'><strong>t.</strong></span> <span class='ocrx_word' id='word_1_453' title='bbox 326 4493 426 4558; x_wconf 72' lang='lat' dir='ltr'><strong>Origine</strong></span> <span class='ocrx_word' id='word_1_454' title='bbox 451 4495 489 4542; x_wconf 78' lang='lat' dir='ltr'><strong>del</strong></span> <span class='ocrx_word' id='word_1_455' title='bbox 513 4495 683 4541; x_wconf 79' lang='lat' dir='ltr'><strong>mormouirmo</strong></span> <span class='ocrx_word' id='word_1_456' title='bbox 702 4508 713 4541; x_wconf 85' lang='lat' dir='ltr'><strong>c</strong></span> <span class='ocrx_word' id='word_1_457' title='bbox 729 4507 776 4540; x_wconf 78' lang='lat' dir='ltr'><strong>aaa</strong></span> <span class='ocrx_word' id='word_1_458' title='bbox 798 4497 851 4542; x_wconf 86' lang='lat' dir='ltr'><strong>dot·</strong></span> <span class='ocrx_word' id='word_1_459' title='bbox 889 4505 945 4552; x_wconf 84' lang='lat' dir='ltr'><strong>cac,</strong></span> <span class='ocrx_word' id='word_1_460' title='bbox 963 4492 989 4540; x_wconf 91' lang='lat' dir='ltr'><strong>in</strong></span> <span class='ocrx_word' id='word_1_461' title='bbox 1007 4505 1084 4556; x_wconf 86' lang='lat' dir='ltr'><strong>qnam</strong></span> <span class='ocrx_word' id='word_1_462' title='bbox 1102 4487 1261 4556; x_wconf 84' lang='lat' dir='ltr'><strong>implacabile</strong></span> <span class='ocrx_word' id='word_1_463' title='bbox 1272 4487 1359 4541; x_wconf 88' lang='lat' dir='ltr'><strong>odium</strong></span> <span class='ocrx_word' id='word_1_464' title='bbox 1372 4504 1490 4556; x_wconf 80' lang='lat' dir='ltr'><strong>suscepe-</strong></span> 
     </span>
     <span class='ocr_line' id='line_1_52' title="bbox 245 4556 1159 4620; baseline 0.002 -13"><span class='ocrx_word' id='word_1_465' title='bbox 245 4561 321 4610; x_wconf 82' lang='lat' dir='ltr'><strong>trr&#39;nc.</strong></span> <span class='ocrx_word' id='word_1_466' title='bbox 891 4565 962 4620; x_wconf 76' lang='lat' dir='ltr'><strong>ruant,</strong></span> <span class='ocrx_word' id='word_1_467' title='bbox 980 4556 1159 4609; x_wconf 81' lang='lat' dir='ltr'><strong>adversentur.</strong></span> 
     </span>
    </p>
   </div>
   <div class='ocr_carea' id='block_1_4' title="bbox 0 0 1887 5659">
    <p class='ocr_par' dir='ltr' id='par_1_6' title="bbox 0 0 1887 5659">
     <span class='ocr_line' id='line_1_53' title="bbox 0 0 1887 5659; baseline 0 0"><span class='ocrx_word' id='word_1_468' title='bbox 0 0 1887 5659; x_wconf 95' lang='lat' dir='ltr'><strong> </strong></span> 
     </span>
    </p>
   </div>
  </div>
 </body>
</html>
