3700 5659
286 525 290 532 .
373 465 435 528 ibi
857 475 895 519 uc
913 475 1058 520 caninum

331 595 367 640 ea
386 575 492 637 saltem
511 568 542 630 in
562 565 650 630 certis
670 564 883 628 tentationibus
898 573 929 626 et
969 563 1096 624 dicitur:
1119 561 1178 638 Qui
1190 573 1288 627 serem
1302 563 1355 628 net
1365 568 1516 631 mundato
1529 571 1578 632 ille

331 661 362 722 in
389 655 515 720 articulo
535 652 640 713 mortis
658 659 728 712 sunt
747 647 930 711 necessarii?
969 656 1022 722 est,
1035 655 1064 708 et
1076 665 1137 709 non
1152 649 1231 710 elius
1244 651 1295 728 qui
1306 651 1405 730 etttptc
1417 670 1477 712 me.
1491 651 1577 722 Quod

330 742 442 823 Nempe
463 745 612 818 quatenus
634 735 751 798 babitus
770 732 819 794 dat
833 748 928 811 posse,
970 731 1115 810 expressit
1130 749 1156 792 s.
1176 729 1337 811 Gregorius
1353 732 1490 812 Magnus,
1503 738 1575 797 scri-

331 835 377 889 est
406 839 521 886 merum
553 819 664 880 donum
692 815 761 894 liei,
782 822 932 896 quatenus
973 814 1221 877 benszProbutio
1244 817 1408 879 dilectionis
1429 821 1576 882 exhibitio

332 918 432 972 autem
447 915 492 967 est
506 903 635 982 faciliter
645 917 739 982 posse,
754 900 932 980 plerumque
971 906 1014 960 est
1034 900 1140 976 operis.

332 981 533 1072 acquirendus
560 993 606 1047 est
631 983 784 1045 exercitio.
804 981 848 1042 Ad
872 981 932 1042 ali·
1013 980 1087 1042 uto.
1112 979 1148 1042 ll.
1178 978 1245 1043 Obi.
1268 982 1297 1042 l.
1318 979 1349 1044 S.
1376 984 1574 1065 Augustinus,

332 1075 413 1158 quod
429 1090 498 1150 ergo
511 1069 643 1131 caritatis
655 1067 830 1128 exercitium
842 1065 933 1126 bomo
973 1073 1181 1144 praeterquam
1201 1065 1282 1144 quo'd
1300 1065 1403 1128 delinit
1419 1067 1573 1131 virtutem:

333 1168 414 1220 certe
432 1163 561 1228 tenetur,
582 1151 728 1230 illudque,
749 1148 848 1230 quoad
867 1149 933 1209 eius
974 1148 1117 1212 Ordinem
1131 1152 1241 1210 umeris
1260 1148 1320 1228 (t),
1339 1150 1456 1224 statuit,
1480 1154 1571 1230 quod:

330 1242 397 1303 beri
416 1245 524 1321 potest,
544 1236 686 1315 frequens
709 1242 738 1295 et
764 1231 931 1310 assiduum,
976 1231 1130 1294 Generalis
1143 1232 1301 1293 ius-siccet:
1315 1234 1579 1313 Diliges;etqene-

248 1313 254 1326 ’
334 1325 360 1387 si
378 1323 536 1386 consulere
551 1318 610 1380 sibi
629 1317 708 1378 velit.
974 1315 1049 1376 rotis
1054 1315 1226 1392 probibitio:
1238 1317 1306 1378 Non
1313 1318 1502 1395 concupisces
1512 1319 1572 1396 (ig

975 1395 1102 1476 ideoqu'e
1118 1416 1178 1458 non
1196 1398 1312 1459 censuit
1331 1400 1489 1460 caritatem
1509 1420 1576 1482 spe-

975 1480 1081 1542 cialem
1099 1499 1166 1542 esse
1188 1481 1348 1558 virtutem,
1367 1501 1424 1544 nec
1450 1484 1577 1564 proinde

375 1573 449 1633 238.
470 1569 493 1630 1.
515 1566 582 1630 Obi.
603 1565 794 1646 Scripturas,
815 1563 936 1646 quoties
975 1562 1013 1624 ad
1032 1564 1125 1624 ullum
1141 1564 1322 1643 peculiarem
1340 1574 1442 1627 actum
1457 1585 1514 1626 seu
1529 1569 1577 1628 ol-

335 1655 371 1718 dc
394 1655 445 1716 liei
464 1651 624 1713 dilectione
643 1651 824 1729 loquuntur,
848 1649 936 1710 toties
975 1647 1075 1708 lucium
1093 1647 1289 1724 adstringere.
1304 1649 1337 1708 2⁰
1353 1647 1385 1710 S.
1406 1649 1577 1727 bernardus

335 1757 467 1802 amorem
498 1735 551 1796 Dei
578 1735 744 1814 effectivum
772 1732 933 1808 inculcant,
974 1749 1065 1791 serm.
1086 1748 1104 1791 1.
1123 1730 1154 1790 iu
1172 1729 1292 1792 Cantica
1309 1732 1430 1794 scribit:
1453 1735 1577 1795 Esica·

335 1822 388 1904 qui
403 1823 433 1882 in
450 1817 656 1880 observatione
671 1816 838 1876 divinorum
852 1834 938 1876 man·
973 1816 1051 1876 ritus
1072 1815 1105 1874 in
1130 1822 1214 1890 celet,
1235 1824 1278 1875 ecl
1299 1825 1325 1876 et
1344 1818 1377 1876 ιἰι
1397 1816 1517 1894 edictu.
1538 1820 1578 1879 Et

335 1907 472 1968 datorum
503 1901 648 1962 consistit.
674 1897 722 1960 Sic
741 1899 782 1960 lo.
803 1917 860 1975 ιιι,
880 1898 933 1976 et,
974 1899 1009 1958 de
1027 1897 1081 1959 illc
1098 1898 1214 1975 quidem
1229 1916 1303 1978 quoe
1321 1900 1418 1976 operis
1438 1908 1492 1975 est,
1504 1911 1576 1977 puto

335 1989 377 2051 ait
388 1987 538 2050 Christus:
555 1983 858 2060 Quibobetmuodotc
870 1999 936 2044 mee
973 1983 1075 2042 dutum
1092 1998 1151 2042 erre
1165 1981 1257 2061 lepem
1274 1983 1464 2058 bominibus,
1486 2001 1576 2043 mnn-

335 2081 361 2134 et
376 2081 472 2133 seruet
493 2087 542 2146 eu,
563 2069 612 2130 ille
629 2077 670 2129 est
689 2067 740 2145 qui
758 2067 856 2146 diliqit
875 2083 932 2126 me.
974 2065 1132 2142 datumque
1148 2064 1324 2141 fermotum:
1338 2083 1409 2126 num
1421 2067 1454 2126 iu
1469 2067 1578 2145 ellectu

336 2154 360 2215 I.
386 2155 468 2215 ioan.
489 2170 557 2212 vero
581 2169 619 2226 v,
641 2151 675 2212 3:
698 2151 774 2212 llaec
792 2159 832 2210 est
855 2149 935 2209 enim
976 2148 1041 2224 quic
1066 2147 1108 2208 ita
1126 2148 1249 2223 iubeat,
1271 2158 1304 2209 ut
1321 2150 1489 2211 murrdctur
1507 2151 1578 2228 (3)l

337 2239 446 2299 ceritas
466 2236 529 2311 Dei,
548 2243 580 2296 ut
596 2235 739 2295 mandatu
756 2233 819 2293 eius
836 2239 935 2292 custo-
976 2229 1098 2290 Censuit
1108 2230 1209 2310 itaque
1220 2232 1441 2292 clarevallensis
1459 2231 1576 2309 doctor,

337 2321 468 2392 diamus;
486 2327 516 2378 et
538 2317 625 2398 paulo
645 2325 713 2377 aute
735 2334 842 2395 nempe
860 2313 934 2374 ibid.
977 2314 1094 2372 nullum
1111 2312 1213 2374 datum
1228 2332 1294 2375 esse
1313 2315 1444 2394 speciale
1456 2333 1578 2394 praece

339 2421 382 2477 ιιι,
403 2404 459 2462 18:
479 2402 546 2464 Non
560 2400 720 2479 diligamus
734 2399 831 2472 verbo,
846 2415 938 2474 neque
978 2405 1061 2475 ptum
1083 2396 1120 2456 de
1139 2415 1242 2457 amore
1259 2397 1392 2475 interno,
1413 2417 1506 2478 quem
1524 2419 1577 2459 ro·

340 2486 456 2565 linque,
478 2483 633 2560 recepere
652 2489 678 2542 el
703 2481 835 2541 ueritate.
864 2478 938 2539 Hinc
979 2488 1026 2540 cat
1044 2479 1198 2541 caritatem
1214 2483 1247 2542 in
1265 2481 1382 2560 effectu,
1401 2481 1578 2543 distinctum

341 2567 497 2648 apostolus
516 2564 539 2641 l,
559 2563 626 2625 Cor.
647 2580 710 2634 1111,
730 2563 761 2638 l,
780 2581 864 2642 seqq.
885 2581 938 2622 ca·
979 2582 997 2622 a
1015 2571 1172 2643 praecepto
1192 2564 1306 2643 operis,
1326 2565 1407 2644 quod
1424 2577 1513 2626 vocat
1527 2585 1578 2626 ca-

341 2652 459 2712 ritatem
490 2647 632 2708 describit
654 2646 830 2727 patientem,
853 2645 939 2706 beni·
979 2645 1096 2706 ritatem
1115 2647 1149 2706 ire
1167 2656 1245 2708 actu.

341 2753 445 2812 gnam,
468 2739 696 2809 ceterarumque
718 2729 858 2790 virtutum
886 2747 940 2789 cu·
1023 2727 1095 2788 241.
1112 2727 1200 2810 Resp.
1221 2729 1259 2790 ad
1278 2730 1306 2789 i.
1327 2733 1364 2794 ll.
1386 2729 1416 2791 S.
1436 2731 1579 2810 Augusti-

342 2817 446 2878 mitatu
463 2816 649 2876 instructam.
670 2813 759 2890 Ergo.
885 2811 895 2830 ⁹
981 2830 1035 2872 nus
1060 2811 1091 2872 iu
1117 2812 1213 2892 primo
1235 2821 1315 2874 textu
1337 2814 1421 2894 ponit
1442 2835 1578 2877 amorem

383 2901 457 2962 239.
480 2898 569 2978 Resp.
588 2899 625 2959 ll.
646 2896 690 2957 Ad
704 2894 941 2977 patefaciendum
980 2913 1033 2955 seu
1046 2895 1199 2966 caritatem
1213 2896 1245 2956 in
1259 2896 1432 2957 defiuitione
1446 2898 1581 2974 generali

343 3003 443 3045 veram
469 2981 622 3043 caritatem
642 2979 706 3041 siue
732 2978 941 3040 mandatorum
981 2977 1108 3054 virtutis,
1130 2980 1201 3058 quia
1220 2979 1344 3040 virtutes
1362 2999 1467 3042 omnes
1487 2982 1580 3042 abeo

344 3065 550 3128 observatione
573 3061 941 3142 evangelicarumquevir-
982 3061 1112 3140 quodam
1142 3062 1230 3122 modo
1254 3063 1403 3143 pendent,
1422 3066 1474 3141 G.;
1495 3064 1583 3144 quasi

345 3157 441 3212 tutum
451 3145 590 3208 exercitio
600 3164 755 3224 nonposse
763 3145 940 3222 consistere,
983 3145 1021 3204 sit
1036 3146 1184 3220 generalis
1199 3154 1313 3208 tantum
1330 3148 1434 3223 rictus,
1450 3167 1513 3208 non
1524 3167 1581 3208 au·
1682 3190 1683 3207 .

347 3232 395 3308 G.;
416 3230 454 3290 ad
477 3228 706 3302 adstruendum,
728 3228 880 3288 caritatem
911 3228 942 3287 in
985 3237 1043 3288 tem
1062 3229 1200 3307 specialis
1218 3248 1271 3309 per
1289 3238 1373 3291 actus
1390 3230 1530 3310 proprios
1548 3249 1582 3291 e-

347 3315 411 3374 sula
444 3310 650 3372 mandatorum
680 3310 886 3370 observatione
915 3319 944 3371 et
983 3311 1140 3388 xercenda,
1160 3313 1199 3374 N.
1218 3313 1279 3391 (4).
1682 3308 1683 3319 ’

346 3406 512 3457 ceterarum
530 3393 670 3454 virtutum
691 3392 829 3454 exercitio
847 3393 946 3454 consi·
1026 3394 1099 3454 eta.
1117 3394 1148 3454 ln
1163 3396 1257 3456 altero
1273 3414 1343 3456 vero
1358 3403 1451 3471 testu,
1469 3399 1509 3458 D.
1527 3393 1584 3456 Vo-

243 3543 247 3552 ,
346 3487 436 3556 stere,
450 3480 488 3542 N.
503 3477 585 3550 Quae
597 3476 655 3537 duo
668 3475 873 3557 permiscenda
885 3496 945 3537 nou
985 3477 1583 3559 caediteorionemgenerotemiusstoeum,
1682 3502 1683 3527 ι

347 3571 426 3624 sunt.
444 3561 577 3622 Primum
592 3559 739 3640 siquidem
756 3559 945 3621 verissimum
985 3559 1056 3640 quia
1073 3561 1110 3621 ad
1128 3580 1193 3622 eam
1212 3570 1353 3642 tunquam
1376 3562 1413 3622 ad
1437 3563 1529 3623 finem
1547 3582 1584 3622 ο-
1682 3548 1683 3565 ³

334 3654 404 3722 est,
427 3664 461 3706 ac
483 3663 538 3706 nos
560 3644 704 3716 latemur3
725 3643 851 3704 alterum
875 3662 945 3705 vero
986 3643 1067 3704 mnia
1080 3644 1139 3704 alia
1153 3654 1310 3725 praecepta
1320 3646 1516 3721 reducuntur,
1535 3647 1584 3721 G.;
1682 3666 1684 3683 ³

348 3736 393 3789 est
403 3736 504 3810 aperte
520 3729 640 3804 ialsum,
655 3726 741 3808 quasi
756 3745 862 3806 nempe
877 3726 948 3786 sub·
986 3726 1183 3806 quianullum
1196 3729 1347 3808 peculiare
1359 3729 1586 3809 officium-prae·
1682 3778 1683 3819 p

347 3811 454 3874 sistere
469 3817 569 3892 posset
581 3809 714 3870 caritatis
725 3810 818 3870 virtus
832 3809 947 3889 absque
987 3809 1088 3889 cipiat‚
1112 3813 1150 3874 N.
1175 3808 1223 3872 Sic
1241 3813 1321 3872 euim
1346 3820 1476 3873 mentem
1500 3831 1587 3889 spem

250 3905 263 3922 ⁴
349 3894 411 3954 ulla
441 3893 493 3955 Dei
523 3893 682 3954 dilectione
701 3892 839 3968 formali,
857 3912 946 3973 quam
988 3893 1114 3972 erponit⁴
1129 3893 1322 3974 hipponensis
1347 3896 1492 3971 antistes,
1510 3896 1587 3956 scri·
1682 3952 1683 3973 p

348 3993 438 4055 saepe
462 3977 536 4036 adeo
559 3985 589 4037 et
606 3994 744 4055 expresse
762 3975 860 4037 divina
881 3977 947 4037 elo·
989 3975 1074 4036 bens:
1090 3977 1244 4040 Summum
1262 3980 1382 4055 bereum,
1402 3979 1588 4056 quodetiam

350 4058 421 4137 quia
439 4057 599 4119 inculcant.
620 4055 706 4128 Quod
722 4059 767 4120 vel
782 4059 947 4138 ipsaobie·
989 4061 1263 4138 optimumdicitur‚
1283 4063 1444 4125 noomodo
1464 4063 1589 4142 diligen·
1682 4090 1683 4101 ι

349 4147 396 4201 cta
425 4138 534 4201 Christi
560 4139 651 4202 verba
679 4141 850 4218 insinuant,
877 4143 947 4203 dum
989 4145 1061 4204 dum
1077 4160 1147 4219 esce,
1163 4163 1246 4206 sumo
1261 4145 1396 4225 ancipit,
1415 4147 1466 4208 sed
1480 4147 1526 4206 ito
1539 4147 1588 4206 di-

351 4222 493 4285 exhibent
510 4223 671 4284 discrimen
689 4224 751 4282 veri
769 4243 802 4284 ac
816 4226 950 4300 germani
991 4225 1141 4305 lipendum
1158 4246 1229 4303 ecce,
1249 4238 1281 4289 ut
1299 4229 1379 4291 coibit
1396 4229 1528 4308 amplius
1540 4230 1589 4290 di-

350 4306 406 4369 Dei
426 4305 569 4368 amatoris
588 4314 617 4368 ct
635 4305 695 4366 ficti
714 4306 860 4387 salsique,
880 4307 949 4368 dum
992 4309 1082 4388 ligere
1096 4311 1251 4373 debeamus
1268 4311 1328 4392 (5).

383 4437 421 4505 (t)
440 4435 497 4486 Lib.
512 4441 543 4489 lb
563 4437 599 4487 lle
611 4440 658 4486 cio.
677 4435 734 4495 lici,
747 4450 804 4501 cup.
818 4440 860 4485 22.
1026 4439 1064 4504 (t)
1084 4439 1120 4489 lta
1132 4455 1154 4491 s.
1177 4440 1269 4490 Tbom.
1291 4440 1324 4503 li,
1346 4446 1373 4502 2,
1391 4457 1419 4508 q.
1437 4445 1489 4503 25,
1507 4448 1555 4490 art.
1573 4444 1590 4489 l

382 4509 422 4570 (ἑ)
434 4506 463 4553 ln
482 4503 529 4554 lib.
544 4506 580 4557 De
595 4505 697 4568 perfect.
717 4508 796 4554 iustil.
816 4507 916 4572 eaplb.
992 4504 1063 4555 adt.

384 4570 422 4638 (5)
440 4570 471 4622 Ν·
486 4576 510 4622 ¹·
1028 4573 1066 4640 (5)
1079 4571 1137 4624 Lib.
1151 4578 1161 4624 l
1177 4574 1214 4626 De
1226 4574 1315 4625 morib.
1326 4539 1420 4627 Eccles.
1433 4592 1492 4644 cap.
1505 4580 1549 4637 li,
1562 4589 1590 4624 u.
