3700 5659
755 525 923 571 cancrum.
1381 511 1436 573 aa·

255 623 332 686 388.
352 621 396 685 lin
413 607 525 704 quibus
542 620 601 683 duo
619 628 702 682 certa
721 619 830 681 babe-¹
859 620 981 682 diantur
994 619 1145 684 innumeri
1174 637 1267 703 prope
1285 621 1397 704 hostes,
1418 621 1466 688 io-

212 728 295 785 mus,
317 727 352 769 ac
370 707 466 790 primo
485 715 586 769 entare
605 705 765 788 positivum
785 723 820 766 ac
859 705 986 780 creduli,
1007 705 1099 784 albei,
1111 706 1230 768 sectarii
1245 708 1366 785 secreti,
1376 726 1467 790 pseu·

214 794 344 855 lormale
361 784 552 874 praeceptum
571 790 703 851 divinum
723 789 761 851 de
784 809 819 851 a·
860 789 1029 872 dopolitici,
1058 799 1280 871 protestantes,
1298 793 1350 874 qui
1375 792 1464 855 rrobis

215 888 266 940 ctu
285 875 357 939 lidei
375 876 534 951 eliciend03
556 874 720 936 secundum
739 873 820 953 quod
860 875 1009 936 infinitum
1025 873 1138 936 bellurn
1153 875 1475 958 indixeruntacpn.--

215 961 288 1023 huic
313 967 472 1044 praecepto
493 977 553 1020 non
574 959 700 1021 satisfiat
715 975 769 1040 per
783 977 820 1020 a·
860 959 932 1021 inde
945 959 1117 1020 firmissima
1131 979 1165 1022 ac
1180 959 1244 1022 viva
1258 961 1316 1024 fide
1329 981 1474 1024 cominu--

215 1055 300 1108 ctum
313 1045 408 1108 semel
427 1045 457 1105 in
473 1044 532 1106 vita
546 1044 703 1106 emissum.
862 1045 927 1106 nire
942 1061 975 1105 se
989 1043 1111 1118 debent,
1125 1063 1163 1106 ne
1180 1044 1283 1107 seduci
1298 1065 1331 1108 so
1349 1046 1466 1128 paliari»

260 1131 336 1192 389.
355 1128 550 1210 Praeceptum
569 1127 649 1189 istud
667 1135 822 1207 praeterea
862 1138 921 1190 tur.
943 1126 1080 1190 Getarum
1096 1129 1153 1190 boc
1185 1129 1254 1194 fidei
1272 1139 1473 1212 praeceptum

215 1224 308 1292 urget
325 1231 380 1295 per
396 1232 428 1274 sc
447 1216 486 1290 l⁰,
512 1213 602 1273 simul
621 1230 656 1273 ac
674 1212 823 1291 quisset-
862 1211 1472 1294 sufficienterimpleturenarcendoactus

216 1299 372 1360 ficientem
388 1297 527 1360 notitiam
546 1296 695 1376 acceperit
717 1295 822 1357 verita·
862 1297 1029 1376 religionis,
1047 1297 1192 1375 caritatis,
1205 1308 1257 1362 out
1268 1299 1344 1380 spei,
1363 1299 1415 1381 qui
1431 1319 1473 1362 ex·

216 1392 296 1460 tum,
319 1400 398 1464 quae
416 1381 563 1443 catholica
577 1381 636 1442 dde
662 1380 823 1441 continen-
863 1381 1016 1444 ordinaria
1037 1381 1141 1461 regula
1159 1382 1224 1444 sine
1240 1383 1308 1446 lldei
1326 1403 1383 1446 usu
1406 1403 1470 1446 norc

218 1477 280 1530 tur:
302 1465 385 1547 quod
404 1465 525 1548 quidem
541 1464 590 1542 iis,
605 1464 657 1545 qui
676 1462 706 1524 in
722 1465 826 1525 catho-
864 1469 950 1530 dunt.

216 1552 297 1614 licae
316 1550 463 1613 ecclesiae
476 1550 545 1616 sinu
561 1557 738 1625 nascuntur,
759 1548 824 1610 sueri

218 1637 312 1698 debet
338 1641 582 1715 curaparenturn
599 1631 824 1694 autinstituto-
1040 1625 1165 1686 ebron
1197 1627 1284 1684 v111.

218 1739 301 1798 rum,
323 1738 392 1781 cum
412 1718 539 1780 rationis
560 1735 634 1779 usus
649 1716 825 1778 illucescere
905 1755 944 1799 „E
960 1751 1118 1798 mmmm
1133 1753 1212 1797 mm
1226 1751 1428 1799 mmmm

219 1802 378 1886 coeperit3
398 1803 479 1883 quod
497 1811 608 1878 tamen,
634 1810 668 1863 ut
686 1800 826 1865 animad-

218 1888 309 1950 uertit
344 1885 477 1965 Suarez,
511 1885 666 1947 moraliter
700 1885 826 1963 intelligi
909 1875 981 1936 390·
998 1871 1063 1934 N⁰¹1
1078 1871 1168 1936 ¹11⁰d0
1180 1871 1354 1934 interiorem
1367 1871 1471 1948 sidem,

220 1973 382 2034 debetnec
398 1970 599 2052 metaphysice
629 1970 774 2032 coarctari
790 1969 826 2031 ad
866 1959 918 2020 sed
937 1958 1113 2019 exteriorem
1145 1955 1280 2018 eiusdem
1305 1955 1469 2036 professio·

219 2057 355 2138 prinnnnn
377 2055 492 2116 instans
512 2055 572 2134 (t),
594 2055 627 2114 2⁰
644 2052 750 2125 annn
775 2071 828 2116 nnn
867 2061 935 2106 nem
959 2042 1159 2106 necessariam
1180 2059 1246 2102 esse
1276 2040 1470 2102 adsalutem

220 2159 305 2218 vero,
334 2139 387 2221 qui
407 2141 571 2201 nascuntur
585 2137 664 2219 apud
678 2137 825 2215 infideles,
867 2127 999 2190 declarat
1021 2127 1197 2208 apostolus,
1216 2123 1347 2188 dicens:
1376 2124 1476 2188 dorda

220 2225 243 2285 ii
261 2233 416 2302 tenentur,
441 2242 547 2304 quum,
565 2223 610 2284 vel
624 2240 680 2303 per
696 2222 827 2302 aliquem
867 2214 1000 2276 creditor
1018 2213 1057 2274 ad
1094 2211 1262 2286 iristitiam,
1292 2226 1343 2270 ore
1371 2216 1474 2282 utitem

222 2309 292 2370 fidei
311 2308 550 2390 praedicatorem
572 2306 617 2368 vel
646 2306 705 2368 alio
723 2306 829 2386 quovis
867 2299 1008 2378 consocio
1038 2297 1072 2377 pit
1089 2297 1129 2358 od
1154 2295 1277 2358 subdam
1299 2291 1360 2373 (2).
1387 2289 1475 2362 Quod

224 2390 830 2471 modo,christianaereligioniseristen·
868 2382 914 2444 vet
934 2381 1031 2463 ipsum
1060 2379 1146 2461 probi
1178 2377 1310 2446 bominis
1341 2375 1474 2447 officium

223 2479 297 2539 tiam
320 2486 353 2539 et
368 2476 523 2538 veritatem
543 2477 616 2538 satis
634 2474 826 2552 agnoverint,
868 2467 979 2528 clamat
990 2474 1023 2528 ‘ot
1046 2483 1168 2541 nomeu,
1197 2480 1313 2526 necnon
1336 2479 1476 2537 reveren,-

225 2561 325 2623 statim
347 2580 381 2623 ac
396 2561 554 2623 moraliter
568 2568 705 2641 possunt,
730 2567 828 2622 actum
870 2550 911 2613 tia
929 2550 989 2612 Deo
1008 2549 1135 2630 eiusque
1149 2548 1240 2610 verbo
1261 2543 1373 2617 debita,

225 2646 294 2708 fidei
314 2645 437 2723 elicere,
453 2651 488 2706 ut
503 2663 537 2706 se
558 2653 587 2705 et
610 2644 711 2706 omnia
729 2661 784 2705 sua
797 2643 830 2704 in
913 2636 987 2698 391.
1004 2633 1067 2696 Non
1086 2633 1211 2699 deluere
1230 2640 1330 2694 tamen
1346 2649 1384 2695 ex
1399 2629 1478 2708 bae-

226 2729 321 2792 Deum
351 2725 490 2792 ordinare
511 2729 653 2807 valeant3
675 2729 733 2811 boc
751 2727 830 2790 enim
870 2719 985 2797 raucis,
1005 2718 1056 2799 qui
1073 2716 1248 2793 docuerint,
1268 2726 1334 2780 rom
1353 2713 1479 2776 indid'c—

229 2814 358 2876 debetur
382 2813 554 2876 auctoritati
576 2812 630 2874 oei
649 2811 830 2890 revelantis,
872 2813 987 2867 rentem
1021 2821 1086 2866 esse
1115 2801 1265 2888 Cbristuur
1298 2799 1476 2877 abnegare,

227 2919 261 2961 ac
285 2917 408 2961 morosa
425 2897 529 2959 dilatio
550 2897 581 2958 in
601 2897 653 2960 tali
674 2896 833 2959 occasione
872 2883 1120 2951 dummodo'fides
1138 2885 1280 2949 1111111110
1295 2881 1477 2955 retinentum

228 2992 309 3045 esset
323 2983 472 3064 quaedam
487 2982 624 3043 virtualis
641 2981 790 3043 dubitatio
805 2989 836 3044 et
873 2981 999 3051 urgento
1017 2980 1208 3051 tyrannorum
1238 2965 1447 3050 persecutione
1465 2985 1478 3040 ·,

230 3068 267 3129 ad
284 3068 436 3149 quandam
455 3066 554 3128 cordis
580 3066 720 3127 duritiem
739 3065 834 3146 perti-
874 3059 950 3120 tales
976 3056 1098 3120 saeculo
1122 3073 1143 3116 u
1161 3055 1246 3116 tuere
1264 3049 1478 3130 liclcesaitae,

231 3171 303 3214 nere
321 3150 479 3233 inciperet.
513 3152 545 3212 3⁰
562 3149 652 3228 Urget
681 3158 836 3232 praeterea
875 3151 950 3204 teste
979 3139 1111 3204 Eusebio
1132 3139 1197 3220 (3),
1218 3137 1289 3199 item
1310 3133 1475 3196 Priscillia-

227 3232 284 3316 'pcr
302 3255 336 3298 se
355 3234 497 3313 obligatio
524 3235 663 3296 eliciendi
682 3242 782 3295 actum
801 3235 836 3295 li-
874 3227 971 3288 nistae
989 3225 1111 3288 saeculo
1129 3240 1169 3302 v,
1197 3221 1241 3284 uti
1266 3220 1359 3282 relert
1375 3238 1402 3281 s.
1418 3218 1483 3279 du—

231 3319 278 3382 dei
291 3320 323 3381 in
343 3321 479 3402 quolibet
500 3318 650 3400 probabili
666 3318 773 3380 mortis
785 3337 837 3400 pe·
874 3313 1013 3390 gostinus
1031 3309 1092 3391 (1),
1113 3307 1295 3381 etlutientos,
1316 3323 1404 3386 posse
1419 3303 1481 3364 ali·

231 3405 341 3483 riculo,
356 3404 428 3486 quia
441 3411 561 3465 tenetur
577 3404 667 3464 homo
683 3403 738 3464 niti
754 3403 836 3464 omni
875 3417 964 3478 quem
978 3413 1066 3458 suum
1080 3394 1231 3454 occultare
1238 3407 1372 3453 errorem
1388 3388 1480 3450 etiarn

234 3508 300 3570 ope,
316 3497 351 3550 ut
368 3505 401 3549 se
419 3488 480 3550 lieo
499 3488 671 3564 coniungat,
683 3487 837 3569 quodma·
875 3481 1048 3562 peierando.
1069 3478 1240 3540 Doctrinam
1267 3476 1344 3536 banc
1369 3471 1483 3536 enitio-

232 3573 311 3634 rime
327 3573 359 3634 dt
381 3589 435 3654 per
448 3572 549 3649 tidem3
566 3573 599 3632 11ο
613 3589 703 3653 saepe
718 3571 749 3633 in
762 3571 833 3649 uita,
875 3585 939 3628 sam
970 3564 1106 3643 nonnulli
1136 3559 1330 3640 sequioribus
1349 3557 1483 3627 saeculis

233 3658 301 3718 narn
320 3658 421 3719 tostus
437 3673 477 3719 eac
500 3655 558 3737 fido
575 3657 663 3736 vivit,
683 3663 717 3717 ut
741 3657 784 3718 ait
801 3675 836 3718 a·
876 3649 1038 3712 defendere
1054 3647 1120 3710 ausi
1142 3653 1232 3723 sunt,
1260 3643 1339 3704 inter
1357 3659 1434 3721 quos
1450 3659 1485 3707 e·

237 3741 369 3820 postolus
385 3740 473 3802 Rom.
491 3757 512 3816 r,
531 3742 569 3802 ll
583 3748 613 3803 et
624 3741 696 3802 alibi
712 3741 835 3822 passim.
877 3734 971 3802 minet
990 3731 1081 3796 Dauid
1099 3731 1213 3807 belga,
1238 3745 1328 3808 quem
1347 3743 1407 3790 non
1427 3746 1485 3806 pu*

236 3821 388 3905 Siquidem
407 3825 481 3885 ddes
502 3824 594 3886 veluti
628 3826 770 3905 mysticus
787 3843 837 3908 pa·
877 3818 943 3880 duit
960 3818 1067 3880 stultos
1079 3816 1230 3896 appellare
1249 3811 1401 3893 apostolos
1413 3816 1483 3875 sau-⁸

236 3907 282 3969 nis
294 3917 350 3982 est,
368 3927 428 3989 quo
447 3909 558 3969 alimur
573 3908 610 3970 ad
628 3910 768 3987 salutem,
786 3907 838 3989 qui
878 3911 1003 3982 ctosque
1020 3908 1174 3980 martyres,
1191 3897 1276 3978 quod
1285 3903 1486 3975 mortem-op-

236 3992 293 4054 nisi
327 3993 502 4073 frequenter
527 3993 748 4069 manducetur,
779 3993 839 4054 rita
878 3996 1005 4068 petere,
1028 4002 1117 4065 quam
1153 3982 1303 4045 Christum
1332 3979 1487 4058 abnegate

238 4075 401 4158 spiritualis
429 4077 600 4138 conservari
636 4095 695 4137 non
729 4085 837 4158 potest.
879 4070 1042 4132 maluerint
1060 4069 1121 4149 (5).

238 4158 324 4222 Hisce
339 4160 530 4243 potissimum
558 4160 745 4243 temporibus
764 4179 841 4242 pane
922 4155 995 4218 392.
1021 4152 1131 4218 Contra
1150 4170 1241 4232 uero,
1261 4149 1293 4214 in
1312 4145 1486 4230 oppositum

238 4244 295 4322 boc
308 4262 501 4325 summopere
518 4246 653 4324 indigent
670 4245 838 4324 christiani,
880 4237 1116 4302 extremumalii
1134 4238 1339 4312 declinantes,
1357 4251 1473 4314 praece·

239 4345 344 4412 nempe
359 4329 512 4409 catholici,
537 4348 665 4411 quorum
680 4329 749 4391 fidei
767 4328 840 4392 insi·
880 4335 963 4407 ptum
992 4324 1061 4388 iudei
1080 4323 1277 4406 profitendae·
1295 4318 1391 4398 rigido
1407 4317 1487 4389 odeo

273 4478 293 4544 (t
325 4478 432 4547 liiaput.
451 4484 495 4539 15,
512 4488 577 4532 sect.
594 4485 623 4544 o,
642 4497 670 4532 u.
694 4484 723 4532 6.
915 4474 953 4543 (ti
972 4451 1028 4529 iio.
1045 4480 1055 4526 1
1072 4478 1099 4526 de
1112 4465 1211 4526 'incerta
1225 4489 1283 4544 cap.
1298 4475 1341 4542 tt),
1353 4477 1378 4521 et
1396 4467 1422 4519 in
1435 4467 1471 4518 lib

271 4549 297 4611 (2
321 4547 396 4600 Rom.
409 4546 445 4610 Χ,
459 4552 499 4598 10.
880 4549 967 4596 contro
986 4547 1151 4608 menducium,
1170 4559 1227 4610 cop.
1248 4545 1274 4604 3,
1293 4554 1348 4607 scq.
1410 4544 1413 4556 ’

273 4616 297 4679 (d
321 4613 419 4680 Histoe.
438 4618 570 4666 ecclesiast.
581 4651 591 4680 ‚
608 4613 655 4668 lib.
680 4619 707 4680 o,
725 4631 783 4686 cop.
796 4619 854 4680 38,
916 4613 954 4679 (5)
973 4612 1014 4664 cl.
1036 4613 1159 4672 tiernium,
1178 4613 1261 4662 Storic
1279 4613 1303 4659 di
1317 4607 1410 4658 tuttele
1429 4620 1482 4654 rre-

240 4677 375 4737 elmete».
879 4685 923 4734 aie.
942 4680 988 4732 Ed.
1010 4681 1084 4732 bour.
1107 4689 1178 4732 torm·
1194 4684 1228 4743 1,
1249 4691 1305 4736 see:
1319 4681 1361 4740 to,
1379 4690 1437 4742 usp.
1455 4679 1487 4724 8.
