3700 5659
454 509 516 574 tet
976 530 1015 576 na
1031 533 1099 578 arne

408 626 539 699 tionem,
557 618 637 703 quod
652 637 758 702 nempe
770 619 932 685 radicatur
945 622 1016 686 hae·
1057 625 1213 688 monachis
1231 624 1417 692 severianis:
1443 632 1521 694 Urius
1536 635 1565 695 de
1579 637 1631 698 Τή-

412 708 474 773 resi
492 708 626 790 proxima
641 705 821 786 propositio,
838 725 912 786 quae
927 717 969 770 eat
982 709 1016 770 iu
1055 711 1153 774 nitate
1170 711 1334 794 crucifieue
1351 721 1390 776 cet
1398 735 1413 787 ;
1431 723 1483 776 ant
1504 715 1533 776 in
1548 718 1630 779 lnthe-

412 795 530 868 ultimo,
551 799 602 853 aut
619 789 682 870 [ere
697 790 802 854 ultimo
821 791 1016 871 defiuihiltta-
1055 791 1156 856 ranis:
1177 795 1265 858 Fides
1286 797 1446 878 iustificat,
1474 796 1572 880 hisque
1594 802 1629 862 si·

411 879 453 942 tte
478 875 575 956 produ
594 873 769 951 constituto,
789 883 822 938 ut
848 875 1016 938 declaretur
1057 877 1179 940 milibus
1196 879 1256 959 (l).

414 959 584 1032 hacretica;
610 975 661 1020 seu
685 956 718 1018 in
752 975 810 1037 qua
833 969 1017 1022 concurrum
1100 961 1173 1024 509.
1191 961 1233 1023 lle
1261 962 1377 1026 haeresi
1402 974 1533 1046 suspecta
1556 968 1629 1043 grado

414 1062 517 1109 omttes
536 1041 738 1115 conditiones,
758 1059 833 1122 quae
849 1043 1017 1122 reqttt'ruu·
1059 1050 1173 1107 tanturn
1191 1045 1310 1108 differre
1338 1047 1455 1109 videtur
1481 1069 1499 1110 a
1516 1051 1626 1130 proposi-

416 1140 478 1206 tur,
510 1135 543 1188 ut
562 1124 711 1189 declarari
732 1125 828 1188 ootcat
854 1127 1015 1204 haeretica,
1057 1127 1139 1190 tione
1158 1129 1305 1191 haeresim
1329 1131 1480 1212 sapiente;
1506 1132 1555 1193 illa
1569 1135 1627 1194 enin

415 1220 505 1296 prout
521 1211 584 1272 lere
602 1208 798 1287 contingeret,
819 1209 845 1270 si
867 1209 899 1271 in
915 1209 1019 1291 aliqua
1058 1211 1180 1274 ellertur
1199 1223 1339 1295 tanquam
1359 1215 1395 1276 de
1417 1214 1534 1277 haeresi
1550 1235 1634 1296 snspe-v

415 1294 620 1380 propositione
646 1310 751 1354 omnes
769 1293 890 1354 omnino
920 1301 1018 1375 patres
1058 1304 1125 1374 cta,
1154 1314 1227 1374 quae
1250 1315 1289 1359 ea
1312 1315 1343 1360 ae
1360 1300 1516 1380 utriusque
1537 1317 1628 1372 semar,

416 1388 470 1443 ant
487 1375 619 1454 theologi
651 1376 785 1437 unanimi
810 1395 960 1438 consensu
978 1377 1018 1438 il·
1057 1380 1195 1442 catholici
1212 1387 1239 1442 et
1257 1381 1449 1459 heterodoxi,
1476 1399 1566 1462 capua
1582 1393 1629 1456 cst,

417 1466 478 1527 lam
502 1461 547 1522 uti
579 1458 761 1521 haereticam
794 1459 1016 1540 haherenttl).
1058 1463 1256 1542 quoequesiae
1277 1466 1471 1542 rotioucsut',
1490 1467 1636 1527 sincratio·

417 1546 483 1618 Qno
498 1544 555 1605 suh
574 1550 711 1624 respectu
727 1543 845 1620 gravior
861 1545 938 1605 locet
949 1552 1020 1605 nota
1059 1565 1095 1608 ue
1109 1549 1404 1611 circumstantiarum
1418 1549 1633 1628 sufficieasprae·

418 1631 455 1692 de
475 1628 589 1691 haeresi
607 1627 764 1706 proximo,
794 1646 872 1708 qnae
900 1626 1019 1705 inflige·
1061 1632 1104 1692 het
1131 1632 1371 1710 faurdometttum,
1402 1651 1464 1694 uou
1489 1634 1593 1712 quidem
1607 1635 1632 1691 ul

418 1723 503 1776 retur
517 1711 607 1774 alicui
619 1710 826 1792 propositioni,
847 1730 938 1792 quarn
951 1720 1021 1772 nota
1058 1711 1210 1794 p'rohoht'le
1228 1715 1374 1777 iudicium
1390 1716 1561 1795 serendum,
1579 1716 1637 1794 quod

419 1813 573 1861 erroneae.
597 1794 669 1856 Nam
689 1793 741 1857 illa
767 1794 931 1876 propositio
953 1813 1021 1856 vere
1061 1806 1165 1860 auctor
1184 1797 1225 1860 st't
1243 1798 1420 1877 haereticus,
1439 1801 1491 1863 sed
1506 1801 1590 1862 cotum
1608 1799 1633 1857 nt

421 1889 501 1944 esset
518 1878 671 1940 haeretica
690 1877 720 1938 in
738 1897 791 1951 se,
810 1878 946 1960 proxima
964 1897 1021 1939 au·
1060 1882 1256 1962 srtspict'ortem
1269 1890 1296 1944 et
1311 1883 1445 1946 timorem
1463 1883 1637 1962 atiqucmats-

419 1974 479 2028 tem
497 1963 628 2040 haeresi,
649 1969 797 2042 qnatenus
816 1962 949 2025 medium
968 1979 1022 2024 eo·
1063 1965 1600 2046 quctemeritatedeeoconcipiendum(
1617 1970 1631 2039 t.

418 2047 581 2128 gnoscendi
594 2045 799 2109 immediatam
816 2046 882 2109 eins
900 2055 1023 2108 contra·
1063 2047 1166 2128 ltaque
1185 2057 1290 2110 auctor
1311 2051 1525 2132 propositionis
1541 2047 1635 2128 sapien-

422 2133 584 2194 dictionem
599 2150 668 2193 cum
682 2131 808 2194 veritate
822 2131 891 2193 fidei
907 2137 1025 2192 nonest
1065 2131 1102 2194 tis
1121 2132 1268 2193 haeresim
1295 2133 1418 2213 praebet
1436 2133 1634 2195 fundamentum

420 2218 452 2278 in
471 2235 504 2278 se
522 2215 586 2296 ipso
613 2215 718 2294 regula
745 2215 832 2292 fidei,
852 2214 905 2277 sed
925 2213 1025 2296 potius
1065 2215 1221 2298 probabile
1239 2216 1409 2295 iudicandi,
1433 2217 1516 2298 quod
1532 2215 1567 2277 sit
1582 2215 1634 2274 hac·

423 2301 541 2378 signum
552 2298 686 2360 eiusdem
704 2300 825 2374 regulae
838 2298 899 2379 (Ξ).
917 2297 960 2359 Ea
972 2296 1027 2357 du·
1066 2299 1194 2361 reticus:
1225 2309 1330 2362 auctor
1357 2317 1430 2362 vero
1454 2295 1660 2382 propositionis*

421 2383 493 2464 plici
523 2381 581 2444 hae
599 2380 722 2442 notione
741 2381 795 2457 fit,
823 2390 872 2458 ut,
905 2380 958 2462 qni
975 2379 1026 2442 nni
1066 2389 1221 2464 suspectae
1233 2382 1269 2445 de
1285 2384 1402 2446 haeresi
1414 2384 1563 2447 sufficiens
1576 2396 1636 2460 prac-

422 2466 632 2548 potiusquam
651 2463 907 2539 alteriadhaeret,
928 2464 1028 2525 inurat
1068 2465 1118 2528 het
1135 2465 1361 2528 tundamentum
1389 2467 1427 2530 ad
1454 2462 1636 2548 suspicandum

423 2549 514 2612 alicui
533 2547 730 2630 propositioni
754 2566 911 2610 censuram
941 2565 1028 2610 erro·
1068 2559 1098 2612 et
1115 2550 1252 2612 timorem
1280 2551 1412 2632 aliquem
1439 2551 1479 2614 de
1509 2569 1543 2614 eo
1560 2544 1636 2609 conci-

424 2652 496 2696 ueae
509 2631 819 2713 tanquamminorem,
829 2632 1028 2714 potiusquam
1068 2633 1221 2714 piendum.

425 2717 539 2780 haeresi
552 2717 721 2797 proximae,
742 2736 832 2797 qnam
851 2724 954 2778 censet
979 2715 1030 2776 de·
1111 2717 1184 2780 sto.
1219 2717 1350 2799 idipsum
1376 2716 1444 2781 data
1478 2713 1639 2802 proportione

425 2802 579 2879 terionem,
599 2801 644 2862 vel
661 2808 765 2864 contra
780 2801 840 2881 (3).
1070 2799 1230 2864 decernere
1245 2801 1390 2864 debemus
1407 2803 1444 2864 de
1460 2797 1640 2884 proposition·

469 2887 542 2949 508.
563 2883 687 2965 Sapiens
705 2886 850 2948 haeresim
869 2904 904 2947 ea
921 2882 1032 2946 dicitur
1071 2885 1126 2946 hus
1150 2886 1288 2948 notandis
1307 2895 1340 2948 ut
1368 2889 1471 2950 errori
1499 2882 1636 2968 prostat,

427 2970 615 3052 propositio,
644 2987 718 3048 quae
746 2969 873 3050 duplicis
902 2985 1028 3043 seusus,
1069 2969 1201 3047 sapiente
1221 2987 1366 3046 errorem,
1395 2972 1431 3033 de
1448 2986 1551 3034 errore
1564 2977 1638 3051 sarpt-

425 3056 494 3116 saui
511 3062 538 3115 et
548 3053 639 3133 proot'
652 3053 775 3133 proprie
790 3070 887 3132 capam
903 3063 945 3115 est
952 3076 965 3125 ;
982 3060 1030 3112 at·
1069 3061 1127 3129 cta,
1148 3061 1238 3134 prout
1263 3053 1395 3115 diximus
1412 3054 1449 3115 de
1460 3047 1640 3136 proposition-

430 3146 529 3200 tameu
546 3154 663 3199 sensum
680 3154 822 3215 prauum,
840 3137 898 3198 sioe
915 3135 1032 3198 ratioue
1072 3135 1128 3196 hns
1148 3137 1262 3200 haeresi
1275 3139 1427 3217 proxima,
1446 3138 1572 3218 eapieutc
1590 3131 1638 3192 hat·

427 3221 490 3296 aui,
512 3220 572 3282 siae
594 3221 710 3282 rotioue
737 3220 1033 3282 circumstantiarum
1071 3219 1172 3296 resim,
1189 3239 1224 3282 ao
1241 3219 1278 3282 de
1297 3221 1411 3284 haeresi
1427 3226 1557 3302 suspecta
1565 3239 1577 3290 ;
1591 3227 1659 3292 qut·¹

430 3304 501 3380 toci,
530 3304 683 3382 temporie,
711 3319 930 3382 personarum,
963 3310 1030 3376 etc,
1072 3310 1159 3364 tenus
1178 3312 1208 3366 et
1237 3303 1308 3366 illae
1336 3304 1560 3368 tundamentum
1577 3311 1639 3385 prat·

425 3387 643 3468 praevalentem
665 3386 800 3450 involuit.
827 3387 970 3466 Exemplo
995 3385 1033 3446 sit
1073 3385 1144 3448 hent
1163 3388 1208 3449 vel
1226 3387 1396 3466 indicandi,
1417 3389 1463 3449 vel
1489 3377 1639 3469 suspicanda

429 3471 462 3533 in
479 3470 617 3548 Arianis,
648 3469 758 3550 quihus
781 3471 813 3532 in
835 3470 951 3533 deliciis
970 3477 1034 3532 erat
1073 3470 1155 3551 qnod
1184 3489 1288 3533 earnm
1318 3479 1423 3534 auctor
1452 3472 1484 3532 in
1509 3462 1641 3558 cordeall·

431 3554 597 3638 propositio
613 3572 648 3616 ex
661 3552 815 3636 Scriptura
832 3555 898 3637 ipsa
913 3554 1034 3616 desum·
1073 3573 1162 3634 quem
1189 3573 1322 3617 errorem
1349 3555 1463 3618 nutriat
1489 3559 1639 3632 contrannn

430 3649 496 3722 pta:
521 3637 613 3702 Pater
641 3639 740 3702 maior
764 3657 810 3702 me
827 3648 887 3716 cst,
906 3657 974 3700 eam
997 3638 1033 3699 de
1073 3638 1258 3700 conclusioni
1287 3639 1496 3720 theologicae,
1522 3642 1643 3702 comnttssl

431 3722 586 3786 divinitate
617 3722 877 3803 intelligentihns3
916 3732 968 3786 ant
1002 3722 1033 3784 in
1073 3739 1222 3785 consensu
1240 3730 1339 3786 certae
1356 3724 1403 3805 (6)

1196 3889 1200 3898 .
1216 3871 1226 3882 ¹·
1244 3875 1271 3896 -x''
1284 3877 1320 3900 dur

467 3923 506 3990 (l)
521 3923 558 3974 lta
568 3923 614 3974 eit.
628 3930 726 3975 auctor.
738 3939 796 3991 cap.
809 3927 836 3986 6,
849 3930 898 3974 art.
911 3928 937 3984 l,
950 3939 977 3973 n.
992 3923 1033 3973 te.
1075 3922 1144 3989 piat,
1157 3919 1220 3988 quid
1239 3937 1290 3973 non
1308 3922 1399 3990 sapiat,
1412 3939 1462 3974 non
1481 3929 1532 3974 tam
1548 3906 1643 3988 delinitit’

467 3990 505 4056 (ἢ)
518 3990 586 4040 ibid.
767 4033 777 4049 ,
1075 4005 1107 4040 ne
1124 3997 1150 4040 et
1167 3991 1387 4058 argumentatione
1405 3988 1574 4056 specttlatricis
1588 3980 1642 4030 dart·

467 4057 505 4123 (5)
524 4055 560 4106 Er
577 4053 702 4106 eiusmodi
722 4054 944 4108 animadversione
966 4055 1035 4106 invi·
1076 4057 1182 4126 plinae,
1211 4073 1288 4126 quarn
1317 4073 1392 4108 sensu
1419 4057 1531 4124 quodam
1548 4054 1645 4122 gustuque

424 4138 491 4174 =cern
520 4132 731 4192 componuntur,
752 4124 797 4190 qui
824 4123 924 4174 diverse
941 4124 1036 4174 contire
1076 4124 1215 4177 indicatur.
1234 4124 1286 4190 Qui
1304 4124 1399 4176 deinde
1417 4121 1642 4192 ertentplohtnttSi

433 4190 556 4241 ridentur
573 4192 640 4242 cirea
659 4190 780 4241 rrtaiorem
799 4191 957 4242 minoremve
973 4205 1036 4240 een·
1076 4191 1193 4244 traditam
1212 4193 1341 4244 notionem
1365 4194 1495 4260 eleganter
1517 4188 1616 4257 erplamt
1628 4178 1643 4221 τι

435 4273 510 4308 surae
529 4259 701 4325 gravitatem,
719 4273 765 4308 ten
785 4257 916 4325 gravitatis
929 4257 1037 4326 gradum
1076 4259 1219 4314 confirmat.
1311 4277 1314 4281 ·
1611 4310 1615 4321 ,

437 4325 557 4377 tribuunt
569 4333 615 4378 aut
639 4339 771 4391 erroneae,
791 4333 836 4378 aut
853 4325 951 4392 haeresi
975 4341 1037 4394 pro·
1113 4327 1150 4394 (ll)
1169 4327 1206 4378 lta
1230 4324 1308 4378 Card.
1326 4323 1358 4376 de
1382 4325 1454 4392 hugo
1473 4327 1508 4376 De
1524 4327 1579 4389 tide,
1596 4310 1658 4388 diis*

405 4411 409 4414 ·
436 4395 520 4444 ximae
537 4391 664 4444 censuris.
1078 4399 1122 4457 20,
1135 4403 1199 4446 aaut.
1217 4399 1244 4456 5,
1261 4401 1310 4444 art.
1329 4397 1373 4456 et,
1385 4409 1458 4462 seqq.
1476 4393 1525 4445 Cui
1540 4375 1658 4446 subscribit]

472 4462 510 4529 (t)
530 4459 567 4512 lta
585 4476 688 4512 rursum
707 4458 1041 4527 egregieanctorScrultm’t‘
1079 4471 1170 4514 auctor
1204 4461 1340 4528 Seruliut'i,
1370 4459 1421 4514 loe.
1455 4459 1521 4524 cit,
1554 4453 1645 4510 tttthl‘lue

426 4541 498 4595 *cap
516 4532 542 4590 6,
560 4537 610 4580 art.
637 4533 711 4594 t,n.
730 4531 757 4579 5.
781 4525 918 4594 Eleganter
935 4544 996 4579 vero
1013 4527 1040 4579 id
1080 4531 1152 4582 lacit.
1657 4559 1658 4616 q

439 4597 557 4664 exposuit
577 4598 671 4658 Canna,
689 4594 736 4647 lib.
758 4599 789 4646 te
810 4595 846 4647 De
869 4599 927 4647 toctt
944 4598 1041 4659 theol„
1116 4598 1153 4664 (o)
1172 4597 1209 4648 Do
1224 4597 1305 4664 Lupo,
1323 4611 1350 4648 tt.
1365 4599 1409 4659 90,
1433 4611 1493 4646 eum
1517 4607 1564 4662 qao
1578 4589 1647 4658 ΜΓ

438 4679 498 4734 cap.
516 4668 543 4730 2,
561 4663 601 4720 ltit
618 4661 718 4718 verba:
740 4661 837 4733 «Quid
854 4663 981 4716 haeresim
1002 4681 1041 4715 aa·
1082 4667 1120 4718 nit
1143 4666 1238 4718 Saurea
1256 4665 1306 4718 loc.
1325 4664 1370 4716 eit.
1399 4671 1425 4716 et
1442 4671 1531 4716 auctor
1548 4651 1649 4711 serutat-
