3700 5659
768 466 865 514 cneus
882 467 924 512 rr.
970 487 973 492 -
1370 455 1432 518 tto

209 569 297 634 tutis
314 563 537 646 qualiscumque
554 559 596 622 sit
613 567 699 621 actus
729 560 829 622 excel·
871 558 1007 633 caritate,
1027 579 1106 641 quae
1123 561 1241 640 attingit
1258 562 1352 626 ileum
1385 577 1473 645 prout

207 654 301 715 lens.
320 648 379 711 Sed
399 654 433 709 ut
449 645 488 706 sit
506 653 592 707 actus
610 642 829 705 excellentissi-
870 651 916 704 εει
935 642 966 716 ip
981 661 1026 718 se,
1040 664 1094 706 seu
1112 647 1228 708 ratione
1245 646 1472 712 bonitatissuao

210 754 315 810 mus,
346 731 491 795 motivum
528 726 605 790 illud
638 725 727 788 debet
762 745 829 788 esse
868 725 1038 802 absolutae,
1059 747 1094 788 ac
1112 730 1237 810 proinde
1252 732 1349 792 maior
1362 743 1408 794 est
1422 752 1473 796 ca·

210 818 348 894 caritas3
368 821 398 877 ct
413 813 472 875 hoc
488 810 579 874 etiam
597 828 700 871 verum
716 818 762 872 est
792 809 829 871 de
868 808 942 870 ritas
961 828 1050 889 quam
1070 812 1154 873 fides.
1176 813 1208 874 ln
1228 814 1322 894 patria
1334 834 1403 877 vero
1419 836 1472 896 po·

214 900 382 982 martyrio.
404 896 479 958 Nam
498 913 552 978 pro
571 893 687 957 Cbrislo
708 901 738 954 et
762 892 828 955 eius
870 891 929 952 tior
943 901 989 954 est
1015 894 1091 956 risio
1115 896 1265 968 beatifica,
1285 918 1375 979 quam
1395 899 1471 962 bea-

214 986 283 1047 srde
301 981 413 1064 aliquis
431 981 507 1041 mori
526 986 634 1060 potest,
655 976 828 1058 impellente
868 975 1085 1054 tifrcadilectio,
1099 981 1253 1059 quiarisio
1271 983 1468 1062 praeeminet,

214 1088 276 1150 spe
284 1067 331 1130 uel
344 1063 468 1127 salutari
484 1062 603 1138 timore,
616 1080 675 1122 nou
689 1060 825 1138 caritate,
867 1068 1017 1138 quatenus
1036 1064 1203 1141 possessiva
1223 1064 1273 1126 oei
1294 1084 1347 1146 per
1376 1068 1469 1146 parti-

217 1162 253 1214 ει
272 1149 334 1212 erit
350 1157 436 1210 actus
452 1146 613 1221 excellens,
633 1144 686 1205 sed
701 1163 761 1204 non
780 1162 828 1206 ex·
867 1143 1047 1223 cipationem
1067 1147 1229 1226 perfectam
1261 1149 1409 1226 eiusdem,
1436 1159 1470 1213 ιιι

215 1231 472 1308 callentissimus,
491 1229 550 1291 nisi
566 1229 710 1290 toleretur
727 1245 762 1288 ειι
780 1246 829 1290 ca·
867 1235 913 1287 est
931 1227 961 1287 in
980 1246 1024 1304 se,
1042 1248 1075 1290 ac
1087 1229 1188 1308 dirigit
1200 1232 1390 1294 dilectionem
1405 1233 1467 1313 (t).

217 1319 329 1380 ritate.
693 1377 696 1383 ,
909 1309 1090 1374 trenna.
1128 1315 1163 1375 D.
1186 1313 1287 1391 iniis,
1313 1317 1468 1396 quaeba·

264 1400 343 1462 all.
362 1396 414 1460 Ill.
431 1393 500 1459 Obi.
516 1395 546 1455 l⁰
562 1391 665 1456 Virtus
693 1401 724 1455 et
743 1401 827 1455 actus
868 1392 1101 1458 honorationem
1118 1397 1197 1473 finis,
1210 1400 1260 1475 C.;
1275 1399 1305 1460 in
1325 1400 1374 1476 iis,
1390 1420 1469 1480 quae

217 1482 379 1566 potentiae
396 1478 584 1562 perfectioris
603 1485 648 1545 est
668 1476 828 1558 perfectior
867 1479 965 1538 solum
991 1478 1102 1540 habent
1129 1482 1275 1543 rationem
1309 1484 1398 1545 medii
1429 1485 1469 1546 ad

219 1587 316 1647 quam
327 1565 551 1636 uirtusetactus
566 1561 717 1643 potentiae
728 1561 827 1622 minus
867 1561 935 1622 finis
949 1564 1205 1641 consecutionem,
1222 1568 1261 1629 N.
1286 1565 1393 1628 Procul
1409 1568 1468 1627 ulu-

217 1651 377 1731 perfectae
392 1647 472 1709 circa
489 1646 567 1708 idem
588 1645 751 1706 obiectum.
771 1643 827 1704 Po·
868 1643 942 1720 bio,
975 1645 1055 1725 quod
1084 1647 1136 1708 lini
1162 1649 1276 1729 optimo
1307 1652 1470 1731 opponitur

219 1734 438 1796 tentia-autem
457 1729 650 1806 intellectiva,
679 1728 717 1789 ad
736 1747 825 1808 quam
867 1727 1032 1807 pessimum
1055 1739 1112 1806 est;
1131 1750 1189 1792 non
1205 1732 1275 1794 item
1294 1752 1364 1794 vero
1388 1735 1469 1813 quod

220 1819 358 1898 pertinet
376 1813 460 1891 fides,
480 1812 640 1894 perfectior
662 1821 708 1873 est
724 1813 827 1872 volun·
868 1811 975 1872 mediis
1012 1813 1198 1892 opponitur;
1219 1817 1317 1896 quoad
1337 1817 1410 1878 baec
1433 1838 1467 1879 e·

220 1910 285 1962 tate
304 1918 395 1980 quam
413 1895 717 1972 intellectusdirigit,
738 1904 768 1956 et
789 1895 826 1958 ad
867 1893 928 1954 nim
950 1895 1023 1955 illud
1045 1898 1209 1976 pessimum
1229 1909 1291 1975 est,
1311 1901 1391 1980 quod
1417 1921 1469 1981 op-

219 2004 318 2063 quam
338 1981 467 2063 pertinet
484 1977 605 2055 caritas3
624 1988 752 2058 utraque
769 1998 826 2040 au·
867 1978 989 2057 ponitur
1006 1979 1108 2041 infimo
1128 1981 1239 2057 medio,
1257 2003 1274 2043 a
1290 2002 1351 2062 quo
1367 1993 1467 2046 cetera

219 2077 284 2128 tem
305 2067 402 2128 virtus
418 2062 727 2126 versaturciroaidern
744 2061 827 2124 obie-
867 2060 967 2122 media
985 2081 1020 2124 ac
1038 2063 1105 2124 frnis
1123 2063 1186 2144 ipse
1210 2065 1389 2146 dependent.
1418 2065 1468 2128 Sic

219 2161 323 2228 ctum,
341 2167 448 2230 nempe
477 2147 583 2208 Deum.
618 2145 650 2206 2⁰
678 2145 753 2207 illuri
781 2155 827 2208 est
867 2161 901 2206 ειι
919 2145 976 2206 frde
996 2146 1125 2226 pendent
1141 2167 1209 2227 spes
1228 2159 1258 2210 ει
1268 2150 1387 2224 caritas,
1402 2151 1468 2212 sine

219 2235 387 2314 optimum,
408 2230 494 2293 cuius
512 2229 681 2311 oppositum
701 2243 747 2291 εει
763 2249 827 2310 ρεε·
867 2247 928 2308 qua
947 2229 1020 2290 istae
1039 2230 1204 2292 subsistere
1232 2251 1291 2293 non
1318 2243 1465 2312 possunt3

220 2319 351 2378 simum.
375 2314 538 2376 infidelitas
555 2321 653 2375 autem
670 2323 718 2374 εει
730 2313 826 2394 pessi·
867 2330 955 2374 secus
974 2322 1019 2374 εει
1037 2313 1074 2375 de
1098 2314 1166 2390 fide,
1188 2334 1266 2395 quae
1284 2334 1350 2377 esse
1370 2327 1469 2396 potest

221 2421 310 2462 mum
329 2399 469 2460 vitiorum
501 2407 532 2459 ει
560 2407 763 2478 peccatorum,
792 2415 827 2458 ac
867 2395 933 2457 sine
948 2415 1001 2476 spe
1020 2405 1050 2457 ει
1067 2398 1202 2460 caritate.
1223 2399 1295 2460 Cum
1313 2399 1404 2476 igitur
1423 2401 1469 2461 in·

221 2484 323 2562 magis
341 2481 490 2564 peccatori
507 2489 595 2542 nocet
615 2499 704 2562 quam
724 2481 825 2541 odium
868 2479 997 2542 fidelitas
1016 2492 1185 2562 opponatur
1202 2483 1283 2559 fidei,
1304 2503 1382 2563 quae
1402 2503 1468 2545 me-

222 2568 293 2645 Dei,
305 2576 394 2650 prout
408 2563 681 2626 communitercum
698 2567 734 2626 D.
749 2563 828 2624 Tbo·
867 2561 950 2624 dium
970 2573 1016 2624 est
1033 2565 1071 2625 ad
1090 2564 1257 2627 babendum
1273 2586 1356 2646 spem
1377 2580 1406 2628 ει
1421 2587 1470 2628 ca·
1561 2633 1568 2639 ,

224 2671 277 2712 ma
306 2650 440 2712 sentiunt
472 2647 615 2723 theologi.
646 2647 721 2726 Ergo
755 2647 827 2708 futes
867 2645 998 2722 ritatem,
1012 2648 1038 2707 si
1058 2666 1094 2708 ea
1111 2649 1294 2725 destruatur,
1308 2651 1470 2729 impertitur

222 2742 273 2796 εει
305 2733 459 2811 melioret
484 2733 581 2794 maior
611 2731 704 2793 virtus
736 2749 826 2812 quam
867 2747 936 2809 spes
956 2740 986 2790 ει
1000 2730 1119 2805 caritas,
1144 2732 1285 2810 ideoque,
1306 2733 1352 2793 sin
1369 2735 1468 2795 rninus

223 2817 339 2880 caritas
356 2815 417 2897 (ι).
867 2813 899 2872 in
917 2832 959 2881 se,
973 2814 1077 2872 sallem
1096 2816 1193 2891 prroud
1207 2815 1324 2892 effectus
1342 2816 1468 2877 infuleli·

270 2901 347 2962 218.
369 2899 458 2979 Resp.
479 2897 515 2960 ad
534 2897 565 2958 ⁹2.
578 2899 617 2960 D.
635 2895 665 2958 Si
679 2896 826 2958 eiusmodi
867 2904 913 2956 tas
931 2895 1016 2975 peior
1034 2905 1080 2956 est
1099 2896 1168 2956 odio
1187 2897 1251 2974 Dei,
1270 2898 1350 2977 quod
1376 2919 1469 2979 oppo-

221 2984 380 3066 polentiae
397 2983 567 3044 intellectus
585 2991 615 3043 et
626 2982 763 3043 voluutas
778 2999 828 3042 ea·
868 2977 950 3039 nitur
971 2979 1091 3058 quidem
1104 2980 1232 3055 caritati,
1247 2990 1377 3042 attamen
1393 3001 1469 3043 con·

223 3068 295 3128 dem
316 3067 432 3128 ratione
447 3085 534 3128 suum
563 3065 709 3142 attingunt
740 3064 826 3125 obie-
866 3062 974 3124 sistere
994 3072 1091 3142 potest
1107 3083 1175 3125 curn
1196 3063 1253 3124 fide
1272 3077 1302 3125 et
1318 3084 1371 3146 spe
1387 3068 1448 3144 (3).

222 3161 322 3227 ctum,
335 3148 553 3213 excellentioris
568 3148 718 3229 potentiae
733 3149 827 3210 excole
909 3145 984 3208 2⁹20.
1006 3145 1066 3208 Hac
1077 3147 1193 3210 ratione
1201 3149 1368 3223 solvuntur,
1390 3169 1469 3230 quae

222 3235 339 3296 lentior
356 3244 402 3296 est
418 3234 523 3310 virtus,
546 3233 597 3309 C.;
622 3231 648 3293 si
677 3232 827 3293 eicellen·
854 3249 886 3292 -a
902 3231 1056 3292 nonnullis
1075 3232 1220 3310 theologis
1242 3234 1470 3314 opponebantur

223 3318 298 3379 tiori
317 3319 434 3380 ratione
455 3315 580 3378 inferior
597 3316 728 3394 potentia
757 3335 828 3397 prae
868 3313 1139 3392 adversustbesim,
1156 3336 1246 3398 quam
1269 3337 1336 3379 curu
1350 3337 1376 3379 s.
1391 3317 1471 3379 Tlro·

223 3401 385 3483 superiore
403 3400 553 3463 obiectum
569 3400 705 3476 attingat,
720 3401 758 3463 N.
775 3399 829 3461 Per
869 3417 918 3460 ma
937 3397 1140 3470 adstruximus
1155 3401 1191 3461 de
1212 3401 1337 3461 caritate
1369 3403 1470 3464 excel-

223 3504 259 3547 se
278 3485 384 3566 utique
397 3485 567 3546 intellectus
577 3484 770 3545 excellentior
783 3493 829 3544 εει
869 3482 1037 3544 lentissima
1052 3483 1193 3544 virtulum
1209 3502 1244 3544 ex
1255 3503 1291 3544 co
1304 3485 1384 3564 quod
1398 3486 1470 3546 frrles

223 3571 392 3646 voluntate,
412 3569 560 3648 adeoque,
573 3567 826 3648 ceterisparibus,
868 3574 983 3644 spectet
997 3564 1034 3624 ad
1054 3565 1257 3642 intellectum,
1277 3586 1355 3645 quae
1378 3568 1469 3627 uobi-

224 3654 295 3714 eius
310 3653 404 3714 virtus
422 3653 521 3734 potior
542 3661 587 3713 est
605 3651 711 3713 virtute
724 3651 830 3712 volun·
869 3647 928 3708 lior
942 3657 987 3708 est
1003 3648 1129 3710 facultas
1147 3668 1237 3729 quum
1257 3651 1405 3724 voluntas,
1431 3651 1470 3712 ad

225 3737 310 3798 tatis.
326 3735 436 3799 Verum
462 3737 487 3798 si
503 3735 673 3797 intellectus
696 3753 756 3795 non
779 3743 828 3796 at·
869 3751 959 3812 quam
980 3741 1094 3811 spectat
1110 3734 1230 3794 caritas.
1252 3731 1326 3794 Hinc
1341 3752 1367 3794 s.
1385 3734 1468 3795 'fbo-

225 3821 324 3900 tingat
342 3819 493 3882 obiectum
512 3838 600 3881 suum
626 3827 714 3898 prout
737 3817 768 3878 in
796 3837 829 3879 se
870 3835 945 3876 mas:
959 3817 1087 3892 Eorum,
1105 3815 1215 3898 iuquit,
1236 3834 1310 3895 praue
1322 3818 1404 3896 uafro
1416 3837 1470 3880 noe

224 3915 285 3980 cst,
305 3904 359 3966 sed
377 3905 505 3966 obscure
524 3921 577 3984 per
594 3901 687 3978 aliud,
714 3920 760 3963 ex.
780 3920 826 3979 gr.
867 3910 950 3971 sum,
974 3901 1155 3964 nobiliorem
1168 3902 1308 3982 copnilio,
1326 3903 1471 3979 quomdi-
1498 3916 1501 3924 ·

224 4007 281 4069 per
299 3998 466 4064 creaturas,
484 3987 530 4048 vel
549 4005 602 4067 per
621 3985 721 4060 fudero,
750 3995 780 4046 ει
798 3985 827 4046 in
869 3985 963 4045 lertio.
983 3985 1110 4063 Propter
1124 3988 1201 4064 pelori
1224 3986 1418 4064 pbilosupbus
1436 3987 1470 4048 la

224 4072 408 4149 aenigmate,
424 4071 614 4143 abstractive,
638 4077 727 4150 prout
749 4087 828 4130 nnnc
868 4069 1001 4130 bettio.
1021 4087 1086 4147 cup.
1122 4071 1153 4145 7,
1178 4079 1205 4131 et
1243 4069 1299 4142 12,
1325 4072 1470 4146 praetulit

224 4157 346 4234 attingit
362 4157 468 4234 Deum,
501 4155 634 4237 prolecto
666 4151 829 4214 vincitura
867 4153 992 4214 uirtutes
1011 4153 1222 4216 intellectuales
1236 4155 1470 4218 ntoratt'buozseot

258 4310 1518 4388 fflfflwfflmwmwmmmbmfflhwmmmanmnd'

222 4383 1089 4453 mmmmmmwmmfflmfflmfiwmwmu

223 4454 827 4522 mmmmdmmmu,uMmpmmmcmmu
901 4450 1470 4515 &toffimnbmiusemmmmm,rm

222 4525 335 4589 lologice
353 4533 504 4589 spectamur.
868 4521 944 4586 pnrrln
964 4530 1018 4586 post
1036 4519 1162 4582 «licernes,
1174 4519 1288 4570 omniurn
1308 4525 1471 4582 pcccatorum

256 4593 296 4660 (ι’)
314 4589 424 4659 Espmua
441 4608 484 4660 op.
503 4590 549 4642 cit.
562 4607 588 4658 q.
603 4593 646 4652 to,
667 4587 710 4640 ubi
723 4587 826 4657 egregie
867 4589 1005 4654 pessimum
1019 4596 1065 4637 ειι.

1321 4677 1373 4744 'll
