<?xml version="1.0" encoding="UTF-8"?>
<!DOCTYPE html PUBLIC "-//W3C//DTD XHTML 1.0 Transitional//EN"
    "http://www.w3.org/TR/xhtml1/DTD/xhtml1-transitional.dtd">
<html xmlns="http://www.w3.org/1999/xhtml" xml:lang="en" lang="en">
 <head>
  <title>
</title>
<meta http-equiv="Content-Type" content="text/html;charset=utf-8" />
  <meta name='ocr-system' content='tesseract 3.04.00' />
  <meta name='ocr-capabilities' content='ocr_page ocr_carea ocr_par ocr_line ocrx_word'/>
</head>
<body>
  <div class='ocr_page' id='page_1' title='image "./praelectionesth09perrgoog/praelectionesth09perrgoog_0227.png"; bbox 0 0 3700 5659; ppageno 0'>
   <div class='ocr_carea' id='block_1_1' title="bbox 764 516 1416 580">
    <p class='ocr_par' dir='ltr' id='par_1_1' title="bbox 764 516 1416 580">
     <span class='ocr_line' id='line_1_1' title="bbox 764 516 1416 580; baseline 0 -11"><span class='ocrx_word' id='word_1_1' title='bbox 764 523 859 570; x_wconf 84' lang='lat' dir='ltr'><strong>cnrur</strong></span> <span class='ocrx_word' id='word_1_2' title='bbox 877 524 909 568; x_wconf 91' lang='lat' dir='ltr'><strong>rr.</strong></span> <span class='ocrx_word' id='word_1_3' title='bbox 1354 516 1416 580; x_wconf 73' lang='lat'><strong>215</strong></span> 
     </span>
    </p>
   </div>
   <div class='ocr_carea' id='block_1_2' title="bbox 197 615 1462 3380">
    <p class='ocr_par' dir='ltr' id='par_1_2' title="bbox 197 615 1462 3380">
     <span class='ocr_line' id='line_1_2' title="bbox 203 615 1457 704; baseline 0.003 -21"><span class='ocrx_word' id='word_1_4' title='bbox 203 619 291 684; x_wconf 85' lang='lat' dir='ltr'><strong>euius</strong></span> <span class='ocrx_word' id='word_1_5' title='bbox 309 616 431 681; x_wconf 85' lang='lat' dir='ltr'><strong>obiecti</strong></span> <span class='ocrx_word' id='word_1_6' title='bbox 450 615 586 697; x_wconf 78' lang='lat' dir='ltr'><strong>proxima</strong></span> <span class='ocrx_word' id='word_1_7' title='bbox 600 617 676 680; x_wconf 88' lang='lat' dir='ltr'><strong>ratio</strong></span> <span class='ocrx_word' id='word_1_8' title='bbox 694 624 816 678; x_wconf 90' lang='lat' dir='ltr'><strong>nonest</strong></span> <span class='ocrx_word' id='word_1_9' title='bbox 856 634 914 677; x_wconf 91' lang='lat' dir='ltr'><strong>nus</strong></span> <span class='ocrx_word' id='word_1_10' title='bbox 926 615 1000 676; x_wconf 86' lang='lat' dir='ltr'><strong>haec</strong></span> <span class='ocrx_word' id='word_1_11' title='bbox 1011 615 1202 697; x_wconf 87' lang='lat' dir='ltr'><strong>ipsabnoitas</strong></span> <span class='ocrx_word' id='word_1_12' title='bbox 1215 628 1261 683; x_wconf 89' lang='lat' dir='ltr'><strong>est</strong></span> <span class='ocrx_word' id='word_1_13' title='bbox 1270 622 1457 704; x_wconf 86' lang='lat' dir='ltr'><strong>participatio</strong></span> 
     </span>
     <span class='ocr_line' id='line_1_3' title="bbox 197 697 1455 787; baseline 0.003 -21"><span class='ocrx_word' id='word_1_14' title='bbox 197 704 323 766; x_wconf 89' lang='lat' dir='ltr'><strong>&#39;bonitas</strong></span> <span class='ocrx_word' id='word_1_15' title='bbox 345 701 402 762; x_wconf 86' lang='lat' dir='ltr'><strong>[lei</strong></span> <span class='ocrx_word' id='word_1_16' title='bbox 432 701 588 777; x_wconf 89' lang='lat' dir='ltr'><strong>increata,</strong></span> <span class='ocrx_word' id='word_1_17' title='bbox 617 702 669 762; x_wconf 93' lang='lat' dir='ltr'><strong>sed</strong></span> <span class='ocrx_word' id='word_1_18' title='bbox 693 709 812 776; x_wconf 90' lang='lat' dir='ltr'><strong>creata,</strong></span> <span class='ocrx_word' id='word_1_19' title='bbox 857 697 999 760; x_wconf 81' lang='lat' dir='ltr'><strong>bonitatis</strong></span> <span class='ocrx_word' id='word_1_20' title='bbox 1025 701 1089 777; x_wconf 86' lang='lat' dir='ltr'><strong>Dei,</strong></span> <span class='ocrx_word' id='word_1_21' title='bbox 1114 704 1241 781; x_wconf 79' lang='lat' dir='ltr'><strong>quaein</strong></span> <span class='ocrx_word' id='word_1_22' title='bbox 1262 706 1455 787; x_wconf 85' lang='lat' dir='ltr'><strong>ipsoelucet‚</strong></span> 
     </span>
     <span class='ocr_line' id='line_1_4' title="bbox 203 783 1457 869; baseline 0.006 -22"><span class='ocrx_word' id='word_1_23' title='bbox 203 804 280 869; x_wconf 85' lang='lat' dir='ltr'><strong>quae</strong></span> <span class='ocrx_word' id='word_1_24' title='bbox 291 785 440 846; x_wconf 86' lang='lat' dir='ltr'><strong>inhaeret</strong></span> <span class='ocrx_word' id='word_1_25' title='bbox 453 783 601 864; x_wconf 84' lang='lat' dir='ltr'><strong>proximo.</strong></span> <span class='ocrx_word' id='word_1_26' title='bbox 613 786 645 848; x_wconf 83' lang='lat'><strong>3⁰</strong></span> <span class='ocrx_word' id='word_1_27' title='bbox 659 785 815 846; x_wconf 85' lang='lat' dir='ltr'>Proximus</span> <span class='ocrx_word' id='word_1_28' title='bbox 857 784 906 856; x_wconf 60' lang='lat' dir='ltr'><strong>Ca</strong></span> <span class='ocrx_word' id='word_1_29' title='bbox 925 794 1074 864; x_wconf 89' lang='lat' dir='ltr'><strong>quatenus</strong></span> <span class='ocrx_word' id='word_1_30' title='bbox 1091 785 1143 847; x_wconf 89' lang='lat' dir='ltr'><strong>illa</strong></span> <span class='ocrx_word' id='word_1_31' title='bbox 1162 787 1280 850; x_wconf 85' lang='lat' dir='ltr'><strong>bonitas</strong></span> <span class='ocrx_word' id='word_1_32' title='bbox 1297 789 1457 855; x_wconf 80' lang='lat' dir='ltr'><strong>inhaerens</strong></span> 
     </span>
     <span class='ocr_line' id='line_1_5' title="bbox 203 867 1456 953; baseline 0.004 -21"><span class='ocrx_word' id='word_1_33' title='bbox 203 879 364 952; x_wconf 81' lang='lat' dir='ltr'><strong>praeterea</strong></span> <span class='ocrx_word' id='word_1_34' title='bbox 391 868 560 929; x_wconf 86' lang='lat' dir='ltr'><strong>secundum</strong></span> <span class='ocrx_word' id='word_1_35' title='bbox 589 876 714 930; x_wconf 86' lang='lat' dir='ltr'><strong>naturae</strong></span> <span class='ocrx_word' id='word_1_36' title='bbox 732 868 815 930; x_wconf 89' lang='lat' dir='ltr'><strong>ordi·</strong></span> <span class='ocrx_word' id='word_1_37' title='bbox 855 885 873 926; x_wconf 93' lang='lat' dir='ltr'><strong>a</strong></span> <span class='ocrx_word' id='word_1_38' title='bbox 894 867 1028 929; x_wconf 89' lang='lat' dir='ltr'><strong>bonitate</strong></span> <span class='ocrx_word' id='word_1_39' title='bbox 1054 868 1106 930; x_wconf 80' lang='lat' dir='ltr'><strong>nei</strong></span> <span class='ocrx_word' id='word_1_40' title='bbox 1125 888 1262 934; x_wconf 85' lang='lat' dir='ltr'><strong>seorsum</strong></span> <span class='ocrx_word' id='word_1_41' title='bbox 1282 883 1456 953; x_wconf 86' lang='lat' dir='ltr'><strong>spectatur,</strong></span> 
     </span>
     <span class='ocr_line' id='line_1_6' title="bbox 204 951 1457 1036; baseline 0.004 -21"><span class='ocrx_word' id='word_1_42' title='bbox 204 973 270 1015; x_wconf 88' lang='lat' dir='ltr'><strong>nem</strong></span> <span class='ocrx_word' id='word_1_43' title='bbox 287 960 336 1014; x_wconf 91' lang='lat' dir='ltr'><strong>est</strong></span> <span class='ocrx_word' id='word_1_44' title='bbox 356 951 504 1014; x_wconf 85' lang='lat' dir='ltr'><strong>amabilis</strong></span> <span class='ocrx_word' id='word_1_45' title='bbox 519 970 577 1012; x_wconf 92' lang='lat' dir='ltr'><strong>non</strong></span> <span class='ocrx_word' id='word_1_46' title='bbox 596 953 694 1014; x_wconf 92' lang='lat' dir='ltr'><strong>solum</strong></span> <span class='ocrx_word' id='word_1_47' title='bbox 711 951 815 1014; x_wconf 89' lang='lat' dir='ltr'><strong>imme·</strong></span> <span class='ocrx_word' id='word_1_48' title='bbox 859 951 909 1013; x_wconf 87' lang='lat' dir='ltr'><strong>Tr.</strong></span> <span class='ocrx_word' id='word_1_49' title='bbox 924 952 970 1012; x_wconf 84' lang='lat' dir='ltr'><strong>rel</strong></span> <span class='ocrx_word' id='word_1_50' title='bbox 979 953 1019 1014; x_wconf 90' lang='lat' dir='ltr'><strong>N.</strong></span> <span class='ocrx_word' id='word_1_51' title='bbox 1032 951 1268 1018; x_wconf 85' lang='lat' dir='ltr'><strong>Transmisimus</strong></span> <span class='ocrx_word' id='word_1_52' title='bbox 1280 976 1369 1036; x_wconf 91' lang='lat' dir='ltr'><strong>porro</strong></span> <span class='ocrx_word' id='word_1_53' title='bbox 1379 959 1457 1020; x_wconf 88' lang='lat' dir='ltr'><strong>hanc</strong></span> 
     </span>
     <span class='ocr_line' id='line_1_7' title="bbox 205 1034 1456 1121; baseline 0.005 -24"><span class='ocrx_word' id='word_1_54' title='bbox 205 1037 282 1098; x_wconf 88' lang='lat' dir='ltr'><strong>diate</strong></span> <span class='ocrx_word' id='word_1_55' title='bbox 305 1043 436 1117; x_wconf 88' lang='lat' dir='ltr'><strong>propter</strong></span> <span class='ocrx_word' id='word_1_56' title='bbox 453 1034 545 1096; x_wconf 78' lang='lat' dir='ltr'><strong>iteum</strong></span> <span class='ocrx_word' id='word_1_57' title='bbox 563 1081 572 1112; x_wconf 89' lang='lat'><strong><em>,</em></strong></span> <span class='ocrx_word' id='word_1_58' title='bbox 591 1055 694 1097; x_wconf 86' lang='lat' dir='ltr'><strong>rerum</strong></span> <span class='ocrx_word' id='word_1_59' title='bbox 724 1035 814 1097; x_wconf 86' lang='lat' dir='ltr'><strong>etiam</strong></span> <span class='ocrx_word' id='word_1_60' title='bbox 856 1034 1013 1111; x_wconf 85' lang='lat' dir='ltr'><strong>maiorem,</strong></span> <span class='ocrx_word' id='word_1_61' title='bbox 1026 1036 1169 1115; x_wconf 88' lang='lat' dir='ltr'><strong>quianon</strong></span> <span class='ocrx_word' id='word_1_62' title='bbox 1185 1037 1305 1115; x_wconf 89' lang='lat' dir='ltr'><strong>desunt,</strong></span> <span class='ocrx_word' id='word_1_63' title='bbox 1322 1041 1375 1121; x_wconf 87' lang='lat' dir='ltr'><strong>qui</strong></span> <span class='ocrx_word' id='word_1_64' title='bbox 1389 1060 1456 1103; x_wconf 90' lang='lat' dir='ltr'><strong>sen·</strong></span> 
     </span>
     <span class='ocr_line' id='line_1_8' title="bbox 206 1117 1458 1201; baseline 0.006 -21"><span class='ocrx_word' id='word_1_65' title='bbox 206 1128 326 1201; x_wconf 88' lang='lat' dir='ltr'><strong>propter</strong></span> <span class='ocrx_word' id='word_1_66' title='bbox 337 1119 610 1180; x_wconf 83' lang='lat' dir='ltr'><strong>moralesnriutes</strong></span> <span class='ocrx_word' id='word_1_67' title='bbox 624 1119 813 1197; x_wconf 88' lang='lat' dir='ltr'><strong>intrinsecas,</strong></span> <span class='ocrx_word' id='word_1_68' title='bbox 856 1117 941 1195; x_wconf 80' lang='lat' dir='ltr'><strong>liant,</strong></span> <span class='ocrx_word' id='word_1_69' title='bbox 955 1121 1124 1199; x_wconf 87' lang='lat' dir='ltr'><strong>proximum</strong></span> <span class='ocrx_word' id='word_1_70' title='bbox 1143 1141 1210 1191; x_wconf 86' lang='lat' dir='ltr'><strong>esse</strong></span> <span class='ocrx_word' id='word_1_71' title='bbox 1225 1123 1376 1187; x_wconf 88' lang='lat' dir='ltr'><strong>obiectum</strong></span> <span class='ocrx_word' id='word_1_72' title='bbox 1392 1126 1458 1186; x_wconf 89' lang='lat' dir='ltr'><strong>lor·</strong></span> 
     </span>
     <span class='ocr_line' id='line_1_9' title="bbox 206 1202 1457 1290; baseline 0.006 -26"><span class='ocrx_word' id='word_1_73' title='bbox 206 1212 253 1265; x_wconf 89' lang='lat' dir='ltr'><strong>aot</strong></span> <span class='ocrx_word' id='word_1_74' title='bbox 271 1211 402 1284; x_wconf 88' lang='lat' dir='ltr'><strong>propter</strong></span> <span class='ocrx_word' id='word_1_75' title='bbox 421 1202 509 1264; x_wconf 90' lang='lat' dir='ltr'><strong>aliam</strong></span> <span class='ocrx_word' id='word_1_76' title='bbox 530 1203 743 1282; x_wconf 76' lang='lat' dir='ltr'><strong>perfectionem</strong></span> <span class='ocrx_word' id='word_1_77' title='bbox 764 1223 817 1265; x_wconf 92' lang='lat' dir='ltr'><strong>na·</strong></span> <span class='ocrx_word' id='word_1_78' title='bbox 856 1202 933 1262; x_wconf 90' lang='lat' dir='ltr'><strong>male</strong></span> <span class='ocrx_word' id='word_1_79' title='bbox 957 1203 1090 1266; x_wconf 89' lang='lat' dir='ltr'><strong>caritatis</strong></span> <span class='ocrx_word' id='word_1_80' title='bbox 1109 1224 1143 1267; x_wconf 89' lang='lat' dir='ltr'><strong>ac</strong></span> <span class='ocrx_word' id='word_1_81' title='bbox 1167 1217 1324 1286; x_wconf 91' lang='lat' dir='ltr'><strong>propterea</strong></span> <span class='ocrx_word' id='word_1_82' title='bbox 1352 1227 1457 1290; x_wconf 90' lang='lat' dir='ltr'><strong>perse</strong></span> 
     </span>
     <span class='ocr_line' id='line_1_10' title="bbox 206 1285 1457 1364; baseline 0.005 -16"><span class='ocrx_word' id='word_1_83' title='bbox 206 1289 330 1348; x_wconf 90' lang='lat' dir='ltr'><strong>turalem</strong></span> <span class='ocrx_word' id='word_1_84' title='bbox 355 1286 405 1348; x_wconf 93' lang='lat' dir='ltr'><strong>illi</strong></span> <span class='ocrx_word' id='word_1_85' title='bbox 428 1286 648 1348; x_wconf 75' lang='lat' dir='ltr'><strong>inhaerentem.</strong></span> <span class='ocrx_word' id='word_1_86' title='bbox 674 1287 752 1364; x_wconf 83' lang='lat' dir='ltr'><strong>Ergo</strong></span> <span class='ocrx_word' id='word_1_87' title='bbox 771 1286 815 1348; x_wconf 89' lang='lat' dir='ltr'><strong>si·</strong></span> <span class='ocrx_word' id='word_1_88' title='bbox 854 1285 1016 1348; x_wconf 81' lang='lat' dir='ltr'><strong>amabilem</strong></span> <span class='ocrx_word' id='word_1_89' title='bbox 1034 1289 1124 1350; x_wconf 85' lang='lat' dir='ltr'><strong>etium</strong></span> <span class='ocrx_word' id='word_1_90' title='bbox 1146 1290 1186 1350; x_wconf 87' lang='lat' dir='ltr'><strong>oh</strong></span> <span class='ocrx_word' id='word_1_91' title='bbox 1213 1290 1377 1354; x_wconf 88' lang='lat' dir='ltr'><strong>honitatem</strong></span> <span class='ocrx_word' id='word_1_92' title='bbox 1396 1292 1457 1354; x_wconf 88' lang='lat' dir='ltr'><strong>sihi</strong></span> 
     </span>
     <span class='ocr_line' id='line_1_11' title="bbox 207 1367 1457 1452; baseline 0.005 -20"><span class='ocrx_word' id='word_1_93' title='bbox 207 1370 266 1432; x_wconf 93' lang='lat' dir='ltr'><strong>mili</strong></span> <span class='ocrx_word' id='word_1_94' title='bbox 298 1370 395 1432; x_wconf 88' lang='lat' dir='ltr'><strong>modo</strong></span> <span class='ocrx_word' id='word_1_95' title='bbox 421 1378 466 1432; x_wconf 88' lang='lat' dir='ltr'><strong>est</strong></span> <span class='ocrx_word' id='word_1_96' title='bbox 491 1369 631 1432; x_wconf 86' lang='lat' dir='ltr'><strong>amabilis</strong></span> <span class='ocrx_word' id='word_1_97' title='bbox 660 1370 690 1431; x_wconf 94' lang='lat' dir='ltr'><strong>in</strong></span> <span class='ocrx_word' id='word_1_98' title='bbox 710 1370 815 1433; x_wconf 89' lang='lat' dir='ltr'><strong>ordine</strong></span> <span class='ocrx_word' id='word_1_99' title='bbox 855 1367 1060 1432; x_wconf 82' lang='lat' dir='ltr'><strong>inhaerentem</strong></span> <span class='ocrx_word' id='word_1_100' title='bbox 1089 1372 1150 1452; x_wconf 69' lang='lat' dir='ltr'><strong>(a).</strong></span> <span class='ocrx_word' id='word_1_101' title='bbox 1180 1371 1381 1437; x_wconf 72' lang='lat' dir='ltr'><strong>verisimilior</strong></span> <span class='ocrx_word' id='word_1_102' title='bbox 1409 1386 1457 1438; x_wconf 89' lang='lat' dir='ltr'><strong>ta·</strong></span> 
     </span>
     <span class='ocr_line' id='line_1_12' title="bbox 206 1453 1457 1536; baseline 0.006 -22"><span class='ocrx_word' id='word_1_103' title='bbox 206 1454 325 1532; x_wconf 65' lang='lat' dir='ltr'><strong>gratiam</strong></span> <span class='ocrx_word' id='word_1_104' title='bbox 348 1455 384 1514; x_wconf 72' lang='lat'><strong>4⁰</strong></span> <span class='ocrx_word' id='word_1_105' title='bbox 404 1454 500 1514; x_wconf 91' lang='lat' dir='ltr'><strong>multo</strong></span> <span class='ocrx_word' id='word_1_106' title='bbox 515 1473 585 1516; x_wconf 84' lang='lat' dir='ltr'><strong>veru</strong></span> <span class='ocrx_word' id='word_1_107' title='bbox 601 1453 706 1531; x_wconf 82' lang='lat' dir='ltr'><strong>magis,</strong></span> <span class='ocrx_word' id='word_1_108' title='bbox 728 1454 754 1516; x_wconf 90' lang='lat' dir='ltr'><strong>si</strong></span> <span class='ocrx_word' id='word_1_109' title='bbox 772 1455 816 1516; x_wconf 68' lang='lat' dir='ltr'><strong>di÷</strong></span> <span class='ocrx_word' id='word_1_110' title='bbox 855 1471 923 1514; x_wconf 90' lang='lat' dir='ltr'><strong>men</strong></span> <span class='ocrx_word' id='word_1_111' title='bbox 936 1455 1084 1521; x_wconf 86' lang='lat' dir='ltr'><strong>sententia</strong></span> <span class='ocrx_word' id='word_1_112' title='bbox 1099 1475 1196 1536; x_wconf 87' lang='lat' dir='ltr'><strong>eaque</strong></span> <span class='ocrx_word' id='word_1_113' title='bbox 1211 1457 1288 1520; x_wconf 90' lang='lat' dir='ltr'><strong>inter</strong></span> <span class='ocrx_word' id='word_1_114' title='bbox 1300 1460 1457 1536; x_wconf 89' lang='lat' dir='ltr'><strong>theologos</strong></span> 
     </span>
     <span class='ocr_line' id='line_1_13' title="bbox 208 1537 1457 1619; baseline 0.006 -21"><span class='ocrx_word' id='word_1_115' title='bbox 208 1539 312 1616; x_wconf 85' lang='lat' dir='ltr'><strong>ligatur</strong></span> <span class='ocrx_word' id='word_1_116' title='bbox 327 1537 389 1598; x_wconf 92' lang='lat' dir='ltr'><strong>suh</strong></span> <span class='ocrx_word' id='word_1_117' title='bbox 406 1538 516 1600; x_wconf 86' lang='lat' dir='ltr'><strong>motivo</strong></span> <span class='ocrx_word' id='word_1_118' title='bbox 530 1539 697 1600; x_wconf 89' lang='lat' dir='ltr'><strong>honestatis</strong></span> <span class='ocrx_word' id='word_1_119' title='bbox 711 1557 815 1619; x_wconf 90' lang='lat' dir='ltr'><strong>super·</strong></span> <span class='ocrx_word' id='word_1_120' title='bbox 854 1539 1024 1601; x_wconf 89' lang='lat' dir='ltr'><strong>communis</strong></span> <span class='ocrx_word' id='word_1_121' title='bbox 1046 1549 1113 1616; x_wconf 90' lang='lat' dir='ltr'><strong>est,</strong></span> <span class='ocrx_word' id='word_1_122' title='bbox 1145 1541 1312 1603; x_wconf 87' lang='lat' dir='ltr'><strong>obiectum</strong></span> <span class='ocrx_word' id='word_1_123' title='bbox 1330 1543 1457 1606; x_wconf 80' lang='lat' dir='ltr'><strong>formale</strong></span> 
     </span>
     <span class='ocr_line' id='line_1_14' title="bbox 209 1619 1458 1702; baseline 0.005 -20"><span class='ocrx_word' id='word_1_124' title='bbox 209 1622 377 1699; x_wconf 90' lang='lat' dir='ltr'><strong>naturalis,</strong></span> <span class='ocrx_word' id='word_1_125' title='bbox 409 1642 428 1684; x_wconf 93' lang='lat' dir='ltr'><strong>a</strong></span> <span class='ocrx_word' id='word_1_126' title='bbox 454 1641 515 1702; x_wconf 84' lang='lat' dir='ltr'><strong>quo</strong></span> <span class='ocrx_word' id='word_1_127' title='bbox 536 1623 645 1684; x_wconf 89' lang='lat' dir='ltr'><strong>motivo</strong></span> <span class='ocrx_word' id='word_1_128' title='bbox 672 1631 813 1685; x_wconf 88' lang='lat' dir='ltr'><strong>naturam</strong></span> <span class='ocrx_word' id='word_1_129' title='bbox 854 1619 1054 1701; x_wconf 88' lang='lat' dir='ltr'><strong>adaequatum</strong></span> <span class='ocrx_word' id='word_1_130' title='bbox 1077 1623 1210 1686; x_wconf 88' lang='lat' dir='ltr'><strong>caritatis</strong></span> <span class='ocrx_word' id='word_1_131' title='bbox 1236 1645 1295 1688; x_wconf 89' lang='lat' dir='ltr'><strong>non</strong></span> <span class='ocrx_word' id='word_1_132' title='bbox 1314 1645 1381 1689; x_wconf 88' lang='lat' dir='ltr'><strong>esse</strong></span> <span class='ocrx_word' id='word_1_133' title='bbox 1398 1626 1458 1688; x_wconf 91' lang='lat' dir='ltr'><strong>nisi</strong></span> 
     </span>
     <span class='ocr_line' id='line_1_15' title="bbox 208 1703 1458 1789; baseline 0.006 -24"><span class='ocrx_word' id='word_1_134' title='bbox 208 1723 287 1765; x_wconf 91' lang='lat' dir='ltr'><strong>suam</strong></span> <span class='ocrx_word' id='word_1_135' title='bbox 304 1706 404 1767; x_wconf 90' lang='lat' dir='ltr'><strong>sumit</strong></span> <span class='ocrx_word' id='word_1_136' title='bbox 434 1715 530 1782; x_wconf 79' lang='lat' dir='ltr'><strong>actm,</strong></span> <span class='ocrx_word' id='word_1_137' title='bbox 552 1706 687 1786; x_wconf 87' lang='lat' dir='ltr'><strong>quamvis</strong></span> <span class='ocrx_word' id='word_1_138' title='bbox 707 1706 737 1766; x_wconf 94' lang='lat' dir='ltr'><strong>in</strong></span> <span class='ocrx_word' id='word_1_139' title='bbox 757 1725 812 1784; x_wconf 88' lang='lat' dir='ltr'><strong>se,</strong></span> <span class='ocrx_word' id='word_1_140' title='bbox 856 1703 1018 1767; x_wconf 89' lang='lat' dir='ltr'><strong>honitatem</strong></span> <span class='ocrx_word' id='word_1_141' title='bbox 1037 1707 1111 1785; x_wconf 82' lang='lat' dir='ltr'><strong>nei,</strong></span> <span class='ocrx_word' id='word_1_142' title='bbox 1140 1708 1178 1770; x_wconf 93' lang='lat' dir='ltr'><strong>ad</strong></span> <span class='ocrx_word' id='word_1_143' title='bbox 1195 1728 1284 1789; x_wconf 82' lang='lat' dir='ltr'><strong>quam</strong></span> <span class='ocrx_word' id='word_1_144' title='bbox 1304 1711 1396 1772; x_wconf 84' lang='lat' dir='ltr'><strong>veluti</strong></span> <span class='ocrx_word' id='word_1_145' title='bbox 1419 1710 1458 1772; x_wconf 92' lang='lat' dir='ltr'><strong>ad</strong></span> 
     </span>
     <span class='ocr_line' id='line_1_16' title="bbox 210 1788 1456 1867; baseline 0.005 -19"><span class='ocrx_word' id='word_1_146' title='bbox 210 1807 257 1848; x_wconf 90' lang='lat' dir='ltr'><strong>seu</strong></span> <span class='ocrx_word' id='word_1_147' title='bbox 275 1788 453 1867; x_wconf 84' lang='lat' dir='ltr'><strong>ontologice</strong></span> <span class='ocrx_word' id='word_1_148' title='bbox 474 1790 514 1851; x_wconf 92' lang='lat' dir='ltr'><strong>sit</strong></span> <span class='ocrx_word' id='word_1_149' title='bbox 532 1791 630 1852; x_wconf 85' lang='lat' dir='ltr'><strong>solum</strong></span> <span class='ocrx_word' id='word_1_150' title='bbox 653 1790 811 1852; x_wconf 87' lang='lat' dir='ltr'><strong>naturalis.</strong></span> <span class='ocrx_word' id='word_1_151' title='bbox 854 1788 967 1851; x_wconf 82' lang='lat' dir='ltr'><strong>fontem</strong></span> <span class='ocrx_word' id='word_1_152' title='bbox 984 1809 1073 1852; x_wconf 88' lang='lat' dir='ltr'><strong>suum</strong></span> <span class='ocrx_word' id='word_1_153' title='bbox 1088 1802 1246 1854; x_wconf 86' lang='lat' dir='ltr'><strong>revocatur</strong></span> <span class='ocrx_word' id='word_1_154' title='bbox 1261 1813 1315 1856; x_wconf 93' lang='lat' dir='ltr'><strong>seu</strong></span> <span class='ocrx_word' id='word_1_155' title='bbox 1334 1794 1456 1857; x_wconf 88' lang='lat' dir='ltr'><strong>reduci-</strong></span> 
     </span>
     <span class='ocr_line' id='line_1_17' title="bbox 210 1870 1458 1956; baseline 0.003 -24"><span class='ocrx_word' id='word_1_156' title='bbox 210 1870 293 1948; x_wconf 81' lang='lat' dir='ltr'><strong>Ergo.</strong></span> <span class='ocrx_word' id='word_1_157' title='bbox 855 1873 1458 1956; x_wconf 85' lang='lat' dir='ltr'><strong>turhonitasinhaerensproximuacrel-</strong></span> 
     </span>
     <span class='ocr_line' id='line_1_18' title="bbox 248 1955 1462 2039; baseline 0.005 -23"><span class='ocrx_word' id='word_1_158' title='bbox 248 1957 299 2018; x_wconf 88' lang='lat' dir='ltr'><strong>li&#39;l.</strong></span> <span class='ocrx_word' id='word_1_159' title='bbox 338 1955 436 2038; x_wconf 85' lang='lat' dir='ltr'><strong>Resp.</strong></span> <span class='ocrx_word' id='word_1_160' title='bbox 474 1955 512 2018; x_wconf 90' lang='lat' dir='ltr'><strong>ad</strong></span> <span class='ocrx_word' id='word_1_161' title='bbox 549 1957 579 2018; x_wconf 92' lang='lat' dir='ltr'><strong>l.</strong></span> <span class='ocrx_word' id='word_1_162' title='bbox 614 1958 652 2020; x_wconf 84' lang='lat' dir='ltr'><strong>ll.</strong></span> <span class='ocrx_word' id='word_1_163' title='bbox 688 1975 811 2039; x_wconf 82' lang='lat' dir='ltr'><strong>conseq.</strong></span> <span class='ocrx_word' id='word_1_164' title='bbox 856 1956 898 2016; x_wconf 91' lang='lat' dir='ltr'><strong>uti</strong></span> <span class='ocrx_word' id='word_1_165' title='bbox 916 1955 1081 2018; x_wconf 89' lang='lat' dir='ltr'><strong>lructnsad</strong></span> <span class='ocrx_word' id='word_1_166' title='bbox 1096 1977 1180 2019; x_wconf 89' lang='lat' dir='ltr'><strong>suam</strong></span> <span class='ocrx_word' id='word_1_167' title='bbox 1200 1961 1353 2022; x_wconf 90' lang='lat' dir='ltr'><strong>arborem.</strong></span> <span class='ocrx_word' id='word_1_168' title='bbox 1369 1961 1462 2022; x_wconf 84' lang='lat' dir='ltr'><strong>Ratio</strong></span> 
     </span>
     <span class='ocr_line' id='line_1_19' title="bbox 211 2035 1460 2121; baseline 0.007 -25"><span class='ocrx_word' id='word_1_169' title='bbox 211 2035 355 2102; x_wconf 70' lang='lat' dir='ltr'><strong>Nulla-est</strong></span> <span class='ocrx_word' id='word_1_170' title='bbox 375 2040 456 2102; x_wconf 89' lang='lat' dir='ltr'><strong>ratio</strong></span> <span class='ocrx_word' id='word_1_171' title='bbox 479 2039 563 2101; x_wconf 93' lang='lat' dir='ltr'><strong>illum</strong></span> <span class='ocrx_word' id='word_1_172' title='bbox 584 2040 725 2117; x_wconf 85' lang='lat' dir='ltr'><strong>diligendi</strong></span> <span class='ocrx_word' id='word_1_173' title='bbox 742 2060 814 2121; x_wconf 91' lang='lat' dir='ltr'><strong>pro·</strong></span> <span class='ocrx_word' id='word_1_174' title='bbox 853 2057 923 2099; x_wconf 85' lang='lat' dir='ltr'><strong>vero</strong></span> <span class='ocrx_word' id='word_1_175' title='bbox 943 2048 999 2116; x_wconf 86' lang='lat' dir='ltr'><strong>est,</strong></span> <span class='ocrx_word' id='word_1_176' title='bbox 1020 2041 1092 2121; x_wconf 92' lang='lat' dir='ltr'><strong>quia</strong></span> <span class='ocrx_word' id='word_1_177' title='bbox 1106 2042 1144 2102; x_wconf 87' lang='lat' dir='ltr'><strong>nd</strong></span> <span class='ocrx_word' id='word_1_178' title='bbox 1161 2044 1403 2105; x_wconf 78' lang='lat' dir='ltr'><strong>constituendam</strong></span> <span class='ocrx_word' id='word_1_179' title='bbox 1423 2064 1460 2105; x_wconf 92' lang='lat' dir='ltr'><strong>u·</strong></span> 
     </span>
     <span class='ocr_line' id='line_1_20' title="bbox 212 2122 1457 2206; baseline 0.006 -26"><span class='ocrx_word' id='word_1_180' title='bbox 212 2129 270 2200; x_wconf 90' lang='lat' dir='ltr'><strong>pter</strong></span> <span class='ocrx_word' id='word_1_181' title='bbox 289 2123 419 2202; x_wconf 88' lang='lat' dir='ltr'><strong>honum,</strong></span> <span class='ocrx_word' id='word_1_182' title='bbox 441 2125 522 2204; x_wconf 90' lang='lat' dir='ltr'><strong>quod</strong></span> <span class='ocrx_word' id='word_1_183' title='bbox 540 2123 571 2186; x_wconf 94' lang='lat' dir='ltr'><strong>in</strong></span> <span class='ocrx_word' id='word_1_184' title='bbox 588 2141 622 2188; x_wconf 87' lang='lat' dir='ltr'><strong>se</strong></span> <span class='ocrx_word' id='word_1_185' title='bbox 635 2144 693 2186; x_wconf 91' lang='lat' dir='ltr'><strong>non</strong></span> <span class='ocrx_word' id='word_1_186' title='bbox 711 2125 812 2202; x_wconf 83' lang='lat' dir='ltr'><strong>hahet,</strong></span> <span class='ocrx_word' id='word_1_187' title='bbox 855 2122 952 2184; x_wconf 88' lang='lat' dir='ltr'><strong>nicam</strong></span> <span class='ocrx_word' id='word_1_188' title='bbox 972 2124 1072 2203; x_wconf 87' lang='lat' dir='ltr'><strong>specie</strong></span> <span class='ocrx_word' id='word_1_189' title='bbox 1084 2123 1223 2187; x_wconf 80' lang='lat' dir='ltr'><strong>uirtutem</strong></span> <span class='ocrx_word' id='word_1_190' title='bbox 1238 2127 1404 2206; x_wconf 80' lang='lat' dir='ltr'><strong>requiritur</strong></span> <span class='ocrx_word' id='word_1_191' title='bbox 1423 2147 1457 2189; x_wconf 94' lang='lat' dir='ltr'><strong>u·</strong></span> 
     </span>
     <span class='ocr_line' id='line_1_21' title="bbox 215 2205 1456 2288; baseline 0.005 -22"><span class='ocrx_word' id='word_1_192' title='bbox 215 2205 257 2279; x_wconf 87' lang='lat' dir='ltr'><strong>C.;</strong></span> <span class='ocrx_word' id='word_1_193' title='bbox 277 2217 402 2288; x_wconf 90' lang='lat' dir='ltr'><strong>propter</strong></span> <span class='ocrx_word' id='word_1_194' title='bbox 433 2207 571 2281; x_wconf 90' lang='lat' dir='ltr'><strong>bonum,</strong></span> <span class='ocrx_word' id='word_1_195' title='bbox 601 2209 682 2288; x_wconf 88' lang='lat' dir='ltr'><strong>quod</strong></span> <span class='ocrx_word' id='word_1_196' title='bbox 702 2207 813 2270; x_wconf 86' lang='lat' dir='ltr'><strong>hahere</strong></span> <span class='ocrx_word' id='word_1_197' title='bbox 855 2205 933 2268; x_wconf 88' lang='lat' dir='ltr'><strong>nitas</strong></span> <span class='ocrx_word' id='word_1_198' title='bbox 947 2207 1057 2269; x_wconf 85' lang='lat' dir='ltr'><strong>obiecti</strong></span> <span class='ocrx_word' id='word_1_199' title='bbox 1078 2209 1282 2271; x_wconf 85' lang='lat' dir='ltr'><strong>lormalisseu</strong></span> <span class='ocrx_word' id='word_1_200' title='bbox 1300 2211 1389 2272; x_wconf 90' lang='lat' dir='ltr'><strong>unica</strong></span> <span class='ocrx_word' id='word_1_201' title='bbox 1404 2231 1456 2273; x_wconf 91' lang='lat' dir='ltr'><strong>ra-</strong></span> 
     </span>
     <span class='ocr_line' id='line_1_22' title="bbox 214 2289 1456 2372; baseline 0.007 -25"><span class='ocrx_word' id='word_1_202' title='bbox 214 2289 308 2366; x_wconf 84' lang='lat' dir='ltr'><strong>possit,</strong></span> <span class='ocrx_word' id='word_1_203' title='bbox 330 2293 370 2355; x_wconf 90' lang='lat' dir='ltr'><strong>N.</strong></span> <span class='ocrx_word' id='word_1_204' title='bbox 393 2291 439 2353; x_wconf 84' lang='lat' dir='ltr'><strong>Ex</strong></span> <span class='ocrx_word' id='word_1_205' title='bbox 458 2290 515 2352; x_wconf 89' lang='lat' dir='ltr'><strong>hoe</strong></span> <span class='ocrx_word' id='word_1_206' title='bbox 534 2292 626 2368; x_wconf 91' lang='lat' dir='ltr'><strong>enim,</strong></span> <span class='ocrx_word' id='word_1_207' title='bbox 648 2292 728 2371; x_wconf 90' lang='lat' dir='ltr'><strong>quod</strong></span> <span class='ocrx_word' id='word_1_208' title='bbox 748 2311 816 2372; x_wconf 93' lang='lat' dir='ltr'><strong>pro·</strong></span> <span class='ocrx_word' id='word_1_209' title='bbox 855 2290 909 2366; x_wconf 88' lang='lat' dir='ltr'><strong>tio,</strong></span> <span class='ocrx_word' id='word_1_210' title='bbox 929 2291 968 2353; x_wconf 91' lang='lat' dir='ltr'><strong>ob</strong></span> <span class='ocrx_word' id='word_1_211' title='bbox 986 2311 1076 2372; x_wconf 89' lang='lat' dir='ltr'><strong>quam</strong></span> <span class='ocrx_word' id='word_1_212' title='bbox 1093 2293 1187 2354; x_wconf 78' lang='lat' dir='ltr'><strong>virtus</strong></span> <span class='ocrx_word' id='word_1_213' title='bbox 1207 2295 1274 2354; x_wconf 86' lang='lat' dir='ltr'><strong>talis</strong></span> <span class='ocrx_word' id='word_1_214' title='bbox 1289 2303 1335 2356; x_wconf 91' lang='lat' dir='ltr'><strong>est</strong></span> <span class='ocrx_word' id='word_1_215' title='bbox 1352 2304 1456 2356; x_wconf 83' lang='lat' dir='ltr'><strong>elnon</strong></span> 
     </span>
     <span class='ocr_line' id='line_1_23' title="bbox 215 2371 1456 2455; baseline 0.009 -26"><span class='ocrx_word' id='word_1_216' title='bbox 215 2371 313 2450; x_wconf 84' lang='lat' dir='ltr'><strong>rimus,</strong></span> <span class='ocrx_word' id='word_1_217' title='bbox 334 2375 389 2455; x_wconf 93' lang='lat' dir='ltr'><strong>qui</strong></span> <span class='ocrx_word' id='word_1_218' title='bbox 418 2375 469 2436; x_wconf 92' lang='lat' dir='ltr'><strong>hic</strong></span> <span class='ocrx_word' id='word_1_219' title='bbox 491 2384 522 2436; x_wconf 90' lang='lat' dir='ltr'><strong>et</strong></span> <span class='ocrx_word' id='word_1_220' title='bbox 538 2393 618 2436; x_wconf 86' lang='lat' dir='ltr'><strong>nunc</strong></span> <span class='ocrx_word' id='word_1_221' title='bbox 637 2376 735 2436; x_wconf 88' lang='lat' dir='ltr'><strong>malus</strong></span> <span class='ocrx_word' id='word_1_222' title='bbox 755 2385 811 2454; x_wconf 89' lang='lat' dir='ltr'><strong>est,</strong></span> <span class='ocrx_word' id='word_1_223' title='bbox 855 2374 1119 2454; x_wconf 63' lang='lat' dir='ltr'><strong>attemptantes</strong></span> <span class='ocrx_word' id='word_1_224' title='bbox 1137 2388 1236 2439; x_wconf 89' lang='lat' dir='ltr'><strong>autem</strong></span> <span class='ocrx_word' id='word_1_225' title='bbox 1255 2379 1344 2439; x_wconf 87' lang='lat' dir='ltr'><strong>unica</strong></span> <span class='ocrx_word' id='word_1_226' title='bbox 1362 2389 1407 2440; x_wconf 87' lang='lat' dir='ltr'><strong>cst</strong></span> <span class='ocrx_word' id='word_1_227' title='bbox 1421 2397 1456 2440; x_wconf 90' lang='lat' dir='ltr'><strong>ac</strong></span> 
     </span>
     <span class='ocr_line' id='line_1_24' title="bbox 215 2458 1454 2541; baseline 0.009 -28"><span class='ocrx_word' id='word_1_228' title='bbox 215 2471 260 2516; x_wconf 88' lang='lat' dir='ltr'><strong>seu</strong></span> <span class='ocrx_word' id='word_1_229' title='bbox 275 2476 332 2518; x_wconf 92' lang='lat' dir='ltr'><strong>non</strong></span> <span class='ocrx_word' id='word_1_230' title='bbox 348 2467 395 2522; x_wconf 85' lang='lat' dir='ltr'><strong>est</strong></span> <span class='ocrx_word' id='word_1_231' title='bbox 413 2459 541 2520; x_wconf 88' lang='lat' dir='ltr'><strong>instato</strong></span> <span class='ocrx_word' id='word_1_232' title='bbox 556 2459 679 2538; x_wconf 87' lang='lat' dir='ltr'><strong>gratiae,</strong></span> <span class='ocrx_word' id='word_1_233' title='bbox 697 2473 726 2520; x_wconf 90' lang='lat' dir='ltr'><strong>et</strong></span> <span class='ocrx_word' id='word_1_234' title='bbox 741 2477 814 2540; x_wconf 88' lang='lat' dir='ltr'><strong>pru·</strong></span> <span class='ocrx_word' id='word_1_235' title='bbox 855 2458 945 2520; x_wconf 88' lang='lat' dir='ltr'><strong>unica</strong></span> <span class='ocrx_word' id='word_1_236' title='bbox 964 2467 1010 2520; x_wconf 87' lang='lat' dir='ltr'><strong>est</strong></span> <span class='ocrx_word' id='word_1_237' title='bbox 1035 2459 1150 2538; x_wconf 85' lang='lat' dir='ltr'><strong>virtus,</strong></span> <span class='ocrx_word' id='word_1_238' title='bbox 1181 2481 1241 2541; x_wconf 91' lang='lat' dir='ltr'><strong>qua</strong></span> <span class='ocrx_word' id='word_1_239' title='bbox 1267 2463 1308 2523; x_wconf 92' lang='lat' dir='ltr'><strong>oh</strong></span> <span class='ocrx_word' id='word_1_240' title='bbox 1327 2464 1454 2524; x_wconf 85' lang='lat' dir='ltr'><strong>eandem</strong></span> 
     </span>
     <span class='ocr_line' id='line_1_25' title="bbox 215 2535 1456 2627; baseline 0.01 -32"><span class='ocrx_word' id='word_1_241' title='bbox 215 2535 277 2600; x_wconf 86' lang='lat' dir='ltr'><strong>indo</strong></span> <span class='ocrx_word' id='word_1_242' title='bbox 290 2552 372 2605; x_wconf 89' lang='lat' dir='ltr'><strong>caret</strong></span> <span class='ocrx_word' id='word_1_243' title='bbox 387 2544 465 2606; x_wconf 88' lang='lat' dir='ltr'><strong>hono</strong></span> <span class='ocrx_word' id='word_1_244' title='bbox 476 2544 716 2622; x_wconf 79' lang='lat' dir='ltr'><strong>supernaturali,</strong></span> <span class='ocrx_word' id='word_1_245' title='bbox 733 2544 814 2623; x_wconf 92' lang='lat' dir='ltr'><strong>qnod</strong></span> <span class='ocrx_word' id='word_1_246' title='bbox 855 2540 1019 2605; x_wconf 90' lang='lat' dir='ltr'><strong>honitatem</strong></span> <span class='ocrx_word' id='word_1_247' title='bbox 1045 2543 1125 2606; x_wconf 87' lang='lat' dir='ltr'><strong>Deus</strong></span> <span class='ocrx_word' id='word_1_248' title='bbox 1153 2545 1289 2624; x_wconf 79' lang='lat' dir='ltr'><strong>diligitur</strong></span> <span class='ocrx_word' id='word_1_249' title='bbox 1306 2555 1334 2608; x_wconf 91' lang='lat' dir='ltr'><strong>et</strong></span> <span class='ocrx_word' id='word_1_250' title='bbox 1354 2547 1456 2627; x_wconf 88' lang='lat' dir='ltr'><strong>prori-</strong></span> 
     </span>
     <span class='ocr_line' id='line_1_26' title="bbox 217 2624 935 2708; baseline 0.013 -30"><span class='ocrx_word' id='word_1_251' title='bbox 217 2624 340 2687; x_wconf 88' lang='lat' dir='ltr'><strong>caritatis</strong></span> <span class='ocrx_word' id='word_1_252' title='bbox 368 2636 419 2689; x_wconf 85' lang='lat' dir='ltr'><strong>est</strong></span> <span class='ocrx_word' id='word_1_253' title='bbox 441 2627 605 2703; x_wconf 88' lang='lat' dir='ltr'><strong>obiectum,</strong></span> <span class='ocrx_word' id='word_1_254' title='bbox 633 2645 691 2688; x_wconf 91' lang='lat' dir='ltr'><strong>non</strong></span> <span class='ocrx_word' id='word_1_255' title='bbox 720 2628 815 2708; x_wconf 90' lang='lat' dir='ltr'><strong>possit</strong></span> <span class='ocrx_word' id='word_1_256' title='bbox 856 2645 935 2688; x_wconf 91' lang='lat' dir='ltr'><strong>mus.</strong></span> 
     </span>
     <span class='ocr_line' id='line_1_27' title="bbox 217 2703 1455 2792; baseline 0.01 -28"><span class='ocrx_word' id='word_1_257' title='bbox 217 2703 289 2784; x_wconf 81' lang='lat' dir='ltr'><strong>diligi</strong></span> <span class='ocrx_word' id='word_1_258' title='bbox 310 2721 437 2792; x_wconf 89' lang='lat' dir='ltr'><strong>prepter</strong></span> <span class='ocrx_word' id='word_1_259' title='bbox 456 2710 618 2772; x_wconf 92' lang='lat' dir='ltr'><strong>honitatem</strong></span> <span class='ocrx_word' id='word_1_260' title='bbox 638 2759 646 2787; x_wconf 92' lang='lat'>‚</span> <span class='ocrx_word' id='word_1_261' title='bbox 669 2731 759 2791; x_wconf 90' lang='lat' dir='ltr'><strong>quam</strong></span> <span class='ocrx_word' id='word_1_262' title='bbox 782 2711 813 2772; x_wconf 94' lang='lat' dir='ltr'><strong>in</strong></span> <span class='ocrx_word' id='word_1_263' title='bbox 897 2713 950 2772; x_wconf 79' lang='lat'><strong>69.</strong></span> <span class='ocrx_word' id='word_1_264' title='bbox 969 2710 1014 2771; x_wconf 82' lang='lat' dir='ltr'><strong>Ad</strong></span> <span class='ocrx_word' id='word_1_265' title='bbox 1033 2711 1064 2772; x_wconf 87' lang='lat'><strong>3.</strong></span> <span class='ocrx_word' id='word_1_266' title='bbox 1083 2713 1159 2792; x_wconf 75' lang='lat' dir='ltr'><strong>Nep.</strong></span> <span class='ocrx_word' id='word_1_267' title='bbox 1184 2711 1365 2792; x_wconf 68' lang='lat' dir='ltr'><strong>paritatemi</strong></span> <span class='ocrx_word' id='word_1_268' title='bbox 1386 2733 1455 2776; x_wconf 89' lang='lat' dir='ltr'><strong>nam</strong></span> 
     </span>
     <span class='ocr_line' id='line_1_28' title="bbox 219 2793 1453 2875; baseline 0.007 -28"><span class='ocrx_word' id='word_1_269' title='bbox 219 2806 245 2848; x_wconf 89' lang='lat' dir='ltr'><strong>se</strong></span> <span class='ocrx_word' id='word_1_270' title='bbox 262 2810 319 2852; x_wconf 91' lang='lat' dir='ltr'><strong>nnn</strong></span> <span class='ocrx_word' id='word_1_271' title='bbox 346 2795 464 2872; x_wconf 89' lang='lat' dir='ltr'><strong>hahet,</strong></span> <span class='ocrx_word' id='word_1_272' title='bbox 488 2795 541 2856; x_wconf 91' lang='lat' dir='ltr'><strong>sed</strong></span> <span class='ocrx_word' id='word_1_273' title='bbox 573 2795 670 2856; x_wconf 93' lang='lat' dir='ltr'><strong>solnm</strong></span> <span class='ocrx_word' id='word_1_274' title='bbox 693 2804 814 2875; x_wconf 86' lang='lat' dir='ltr'><strong>proptor</strong></span> <span class='ocrx_word' id='word_1_275' title='bbox 854 2793 931 2853; x_wconf 91' lang='lat' dir='ltr'><strong>ratio</strong></span> <span class='ocrx_word' id='word_1_276' title='bbox 946 2796 1076 2871; x_wconf 90' lang='lat' dir='ltr'><strong>amoris,</strong></span> <span class='ocrx_word' id='word_1_277' title='bbox 1095 2813 1174 2873; x_wconf 90' lang='lat' dir='ltr'><strong>quae</strong></span> <span class='ocrx_word' id='word_1_278' title='bbox 1188 2795 1331 2858; x_wconf 82' lang='lat' dir='ltr'><strong>tundatur</strong></span> <span class='ocrx_word' id='word_1_279' title='bbox 1345 2796 1376 2856; x_wconf 93' lang='lat' dir='ltr'><strong>in</strong></span> <span class='ocrx_word' id='word_1_280' title='bbox 1394 2797 1453 2857; x_wconf 93' lang='lat' dir='ltr'><strong>ho-</strong></span> 
     </span>
     <span class='ocr_line' id='line_1_29' title="bbox 217 2870 1455 2958; baseline 0.008 -28"><span class='ocrx_word' id='word_1_281' title='bbox 217 2870 395 2956; x_wconf 84' lang='lat' dir='ltr'><strong>honitatem,</strong></span> <span class='ocrx_word' id='word_1_282' title='bbox 420 2897 510 2958; x_wconf 88' lang='lat' dir='ltr'><strong>quam</strong></span> <span class='ocrx_word' id='word_1_283' title='bbox 540 2878 684 2958; x_wconf 85' lang='lat' dir='ltr'><strong>consequi</strong></span> <span class='ocrx_word' id='word_1_284' title='bbox 717 2888 814 2958; x_wconf 87' lang='lat' dir='ltr'><strong>potest</strong></span> <span class='ocrx_word' id='word_1_285' title='bbox 854 2885 969 2939; x_wconf 89' lang='lat' dir='ltr'><strong>nestate</strong></span> <span class='ocrx_word' id='word_1_286' title='bbox 984 2879 1028 2938; x_wconf 80' lang='lat' dir='ltr'><strong>nel</strong></span> <span class='ocrx_word' id='word_1_287' title='bbox 1049 2878 1183 2940; x_wconf 87' lang='lat' dir='ltr'><strong>bonitate</strong></span> <span class='ocrx_word' id='word_1_288' title='bbox 1197 2879 1338 2954; x_wconf 90' lang='lat' dir='ltr'><strong>naturali,</strong></span> <span class='ocrx_word' id='word_1_289' title='bbox 1359 2888 1405 2940; x_wconf 89' lang='lat' dir='ltr'><strong>est</strong></span> <span class='ocrx_word' id='word_1_290' title='bbox 1418 2899 1455 2940; x_wconf 92' lang='lat' dir='ltr'><strong>o-</strong></span> 
     </span>
     <span class='ocr_line' id='line_1_30' title="bbox 218 2961 1455 3044; baseline 0.007 -30"><span class='ocrx_word' id='word_1_291' title='bbox 218 2965 242 3015; x_wconf 90' lang='lat' dir='ltr'><strong>et</strong></span> <span class='ocrx_word' id='word_1_292' title='bbox 261 2961 344 3022; x_wconf 89' lang='lat' dir='ltr'><strong>cuius</strong></span> <span class='ocrx_word' id='word_1_293' title='bbox 358 2981 456 3044; x_wconf 84' lang='lat' dir='ltr'><strong>capax</strong></span> <span class='ocrx_word' id='word_1_294' title='bbox 475 2972 531 3039; x_wconf 89' lang='lat' dir='ltr'><strong>est,</strong></span> <span class='ocrx_word' id='word_1_295' title='bbox 548 2962 685 3042; x_wconf 88' lang='lat' dir='ltr'><strong>sequitur</strong></span> <span class='ocrx_word' id='word_1_296' title='bbox 697 2971 811 3024; x_wconf 88' lang='lat' dir='ltr'><strong>lantum</strong></span> <span class='ocrx_word' id='word_1_297' title='bbox 855 2962 957 3021; x_wconf 91' lang='lat' dir='ltr'><strong>mnino</strong></span> <span class='ocrx_word' id='word_1_298' title='bbox 974 2961 1091 3022; x_wconf 83' lang='lat' dir='ltr'><strong>diversa</strong></span> <span class='ocrx_word' id='word_1_299' title='bbox 1108 2981 1127 3022; x_wconf 93' lang='lat' dir='ltr'><strong>a</strong></span> <span class='ocrx_word' id='word_1_300' title='bbox 1154 2962 1282 3037; x_wconf 88' lang='lat' dir='ltr'><strong>ratione,</strong></span> <span class='ocrx_word' id='word_1_301' title='bbox 1301 2982 1364 3042; x_wconf 76' lang='lat' dir='ltr'><strong>qnia</strong></span> <span class='ocrx_word' id='word_1_302' title='bbox 1382 2981 1455 3042; x_wconf 90' lang='lat' dir='ltr'><strong>pro·</strong></span> 
     </span>
     <span class='ocr_line' id='line_1_31' title="bbox 218 3037 1455 3127; baseline 0.008 -30"><span class='ocrx_word' id='word_1_303' title='bbox 218 3037 316 3105; x_wconf 90' lang='lat' dir='ltr'><strong>dehere</strong></span> <span class='ocrx_word' id='word_1_304' title='bbox 335 3045 422 3123; x_wconf 83' lang='lat' dir='ltr'><strong>diligi</strong></span> <span class='ocrx_word' id='word_1_305' title='bbox 442 3057 562 3127; x_wconf 92' lang='lat' dir='ltr'><strong>propter</strong></span> <span class='ocrx_word' id='word_1_306' title='bbox 581 3047 744 3108; x_wconf 88' lang='lat' dir='ltr'><strong>honitatem</strong></span> <span class='ocrx_word' id='word_1_307' title='bbox 763 3065 812 3108; x_wconf 84' lang='lat' dir='ltr'><strong>en·</strong></span> <span class='ocrx_word' id='word_1_308' title='bbox 854 3043 952 3106; x_wconf 84' lang='lat' dir='ltr'><strong>nimos</strong></span> <span class='ocrx_word' id='word_1_309' title='bbox 966 3043 1100 3122; x_wconf 83' lang='lat' dir='ltr'><strong>diligitur</strong></span> <span class='ocrx_word' id='word_1_310' title='bbox 1118 3045 1157 3106; x_wconf 93' lang='lat' dir='ltr'><strong>oh</strong></span> <span class='ocrx_word' id='word_1_311' title='bbox 1173 3046 1334 3107; x_wconf 87' lang='lat' dir='ltr'><strong>honitatem</strong></span> <span class='ocrx_word' id='word_1_312' title='bbox 1353 3056 1383 3107; x_wconf 90' lang='lat' dir='ltr'><strong>et</strong></span> <span class='ocrx_word' id='word_1_313' title='bbox 1397 3047 1455 3107; x_wconf 91' lang='lat' dir='ltr'><strong>ho·</strong></span> 
     </span>
     <span class='ocr_line' id='line_1_32' title="bbox 218 3123 1457 3211; baseline 0.009 -31"><span class='ocrx_word' id='word_1_314' title='bbox 218 3123 364 3192; x_wconf 83' lang='lat' dir='ltr'><strong>trinseoam</strong></span> <span class='ocrx_word' id='word_1_315' title='bbox 400 3149 456 3192; x_wconf 89' lang='lat' dir='ltr'><strong>seu</strong></span> <span class='ocrx_word' id='word_1_316' title='bbox 488 3140 607 3211; x_wconf 89' lang='lat' dir='ltr'><strong>propter</strong></span> <span class='ocrx_word' id='word_1_317' title='bbox 641 3131 752 3208; x_wconf 82' lang='lat' dir='ltr'><strong>linem,</strong></span> <span class='ocrx_word' id='word_1_318' title='bbox 772 3130 811 3192; x_wconf 92' lang='lat' dir='ltr'><strong>ob</strong></span> <span class='ocrx_word' id='word_1_319' title='bbox 854 3129 1457 3210; x_wconf 82' lang='lat' dir='ltr'><strong>aestatemsupematnralem‚inquasn-</strong></span> 
     </span>
     <span class='ocr_line' id='line_1_33' title="bbox 218 3213 1458 3295; baseline 0.006 -27"><span class='ocrx_word' id='word_1_320' title='bbox 218 3224 294 3284; x_wconf 87' lang='lat' dir='ltr'><strong>quem</strong></span> <span class='ocrx_word' id='word_1_321' title='bbox 307 3213 460 3294; x_wconf 78' lang='lat' dir='ltr'><strong>diligitur,</strong></span> <span class='ocrx_word' id='word_1_322' title='bbox 475 3224 508 3275; x_wconf 93' lang='lat' dir='ltr'><strong>ut</strong></span> <span class='ocrx_word' id='word_1_323' title='bbox 521 3215 636 3276; x_wconf 85' lang='lat' dir='ltr'><strong>scilicet</strong></span> <span class='ocrx_word' id='word_1_324' title='bbox 647 3214 810 3276; x_wconf 88' lang='lat' dir='ltr'><strong>honitatem</strong></span> <span class='ocrx_word' id='word_1_325' title='bbox 854 3213 882 3274; x_wconf 89' lang='lat' dir='ltr'><strong>la</strong></span> <span class='ocrx_word' id='word_1_326' title='bbox 895 3213 1186 3286; x_wconf 60' lang='lat' dir='ltr'><strong>innitituramicitia}</strong></span> <span class='ocrx_word' id='word_1_327' title='bbox 1195 3232 1230 3276; x_wconf 89' lang='lat' dir='ltr'><strong>ac</strong></span> <span class='ocrx_word' id='word_1_328' title='bbox 1244 3214 1369 3295; x_wconf 88' lang='lat' dir='ltr'><strong>proinde</strong></span> <span class='ocrx_word' id='word_1_329' title='bbox 1379 3213 1458 3276; x_wconf 87' lang='lat' dir='ltr'><strong>cari·</strong></span> 
     </span>
     <span class='ocr_line' id='line_1_34' title="bbox 219 3287 1456 3380; baseline 0.008 -32"><span class='ocrx_word' id='word_1_330' title='bbox 219 3287 399 3361; x_wconf 87' lang='lat' dir='ltr'><strong>intrinsecam</strong></span> <span class='ocrx_word' id='word_1_331' title='bbox 438 3298 642 3379; x_wconf 84' lang='lat' dir='ltr'><strong>adipiscatur,</strong></span> <span class='ocrx_word' id='word_1_332' title='bbox 680 3318 741 3380; x_wconf 90' lang='lat' dir='ltr'><strong>qua</strong></span> <span class='ocrx_word' id='word_1_333' title='bbox 774 3299 811 3360; x_wconf 85' lang='lat' dir='ltr'><strong>ad</strong></span> <span class='ocrx_word' id='word_1_334' title='bbox 854 3305 910 3374; x_wconf 90' lang='lat' dir='ltr'><strong>tas,</strong></span> <span class='ocrx_word' id='word_1_335' title='bbox 928 3297 1114 3379; x_wconf 89' lang='lat' dir='ltr'><strong>quaealleo</strong></span> <span class='ocrx_word' id='word_1_336' title='bbox 1129 3308 1175 3360; x_wconf 90' lang='lat' dir='ltr'><strong>cst</strong></span> <span class='ocrx_word' id='word_1_337' title='bbox 1190 3306 1220 3359; x_wconf 89' lang='lat' dir='ltr'><strong>et</strong></span> <span class='ocrx_word' id='word_1_338' title='bbox 1234 3298 1264 3358; x_wconf 94' lang='lat' dir='ltr'><strong>in</strong></span> <span class='ocrx_word' id='word_1_339' title='bbox 1284 3298 1356 3360; x_wconf 85' lang='lat' dir='ltr'><strong>lleo.</strong></span> <span class='ocrx_word' id='word_1_340' title='bbox 1370 3296 1456 3369; x_wconf 85' lang='lat' dir='ltr'><strong>Quod</strong></span> 
     </span>
    </p>
   </div>
   <div class='ocr_carea' id='block_1_3' title="bbox 219 3370 1456 3801">
    <p class='ocr_par' dir='ltr' id='par_1_3' title="bbox 219 3370 1456 3801">
     <span class='ocr_line' id='line_1_35' title="bbox 219 3370 1456 3464; baseline 0.01 -32"><span class='ocrx_word' id='word_1_341' title='bbox 219 3370 299 3439; x_wconf 86' lang='lat' dir='ltr'><strong>lleum</strong></span> <span class='ocrx_word' id='word_1_342' title='bbox 326 3382 485 3462; x_wconf 87' lang='lat' dir='ltr'><strong>pervenire</strong></span> <span class='ocrx_word' id='word_1_343' title='bbox 503 3383 619 3464; x_wconf 89' lang='lat' dir='ltr'><strong>possit,</strong></span> <span class='ocrx_word' id='word_1_344' title='bbox 646 3401 680 3444; x_wconf 91' lang='lat' dir='ltr'><strong>ac</strong></span> <span class='ocrx_word' id='word_1_345' title='bbox 707 3383 811 3462; x_wconf 91' lang='lat' dir='ltr'><strong>proin·</strong></span> <span class='ocrx_word' id='word_1_346' title='bbox 853 3381 879 3442; x_wconf 93' lang='lat' dir='ltr'><strong>si</strong></span> <span class='ocrx_word' id='word_1_347' title='bbox 901 3383 1026 3444; x_wconf 83' lang='lat' dir='ltr'><strong>virtutes</strong></span> <span class='ocrx_word' id='word_1_348' title='bbox 1045 3383 1198 3444; x_wconf 81' lang='lat' dir='ltr'><strong>naturales</strong></span> <span class='ocrx_word' id='word_1_349' title='bbox 1220 3383 1403 3444; x_wconf 90' lang='lat' dir='ltr'><strong>elicerentur</strong></span> <span class='ocrx_word' id='word_1_350' title='bbox 1419 3401 1456 3444; x_wconf 87' lang='lat' dir='ltr'><strong>cx</strong></span> 
     </span>
     <span class='ocr_line' id='line_1_36' title="bbox 219 3455 1453 3546; baseline 0.003 -24"><span class='ocrx_word' id='word_1_351' title='bbox 219 3455 382 3546; x_wconf 84' lang='lat' dir='ltr'><strong>depropter</strong></span> <span class='ocrx_word' id='word_1_352' title='bbox 405 3467 500 3528; x_wconf 87' lang='lat' dir='ltr'><strong>Deum</strong></span> <span class='ocrx_word' id='word_1_353' title='bbox 531 3476 564 3528; x_wconf 90' lang='lat' dir='ltr'><strong>ut</strong></span> <span class='ocrx_word' id='word_1_354' title='bbox 591 3485 712 3528; x_wconf 88' lang='lat' dir='ltr'><strong>caosarn</strong></span> <span class='ocrx_word' id='word_1_355' title='bbox 733 3467 810 3530; x_wconf 86' lang='lat' dir='ltr'><strong>sura-</strong></span> <span class='ocrx_word' id='word_1_356' title='bbox 852 3466 912 3527; x_wconf 85' lang='lat' dir='ltr'><strong>srne</strong></span> <span class='ocrx_word' id='word_1_357' title='bbox 948 3466 986 3527; x_wconf 90' lang='lat' dir='ltr'><strong>ad</strong></span> <span class='ocrx_word' id='word_1_358' title='bbox 1014 3466 1149 3527; x_wconf 90' lang='lat' dir='ltr'><strong>ordinem</strong></span> <span class='ocrx_word' id='word_1_359' title='bbox 1171 3467 1453 3546; x_wconf 85' lang='lat' dir='ltr'><strong>supernaturalem,</strong></span> 
     </span>
     <span class='ocr_line' id='line_1_37' title="bbox 219 3536 1455 3629; baseline 0.005 -26"><span class='ocrx_word' id='word_1_360' title='bbox 219 3536 267 3604; x_wconf 85' lang='lat' dir='ltr'><strong>lem</strong></span> <span class='ocrx_word' id='word_1_361' title='bbox 287 3549 347 3629; x_wconf 87' lang='lat' dir='ltr'><strong>(t).</strong></span> <span class='ocrx_word' id='word_1_362' title='bbox 853 3558 924 3610; x_wconf 89' lang='lat' dir='ltr'><strong>tunc</strong></span> <span class='ocrx_word' id='word_1_363' title='bbox 933 3549 1096 3624; x_wconf 81' lang='lat' dir='ltr'><strong>haberetur</strong></span> <span class='ocrx_word' id='word_1_364' title='bbox 1109 3549 1213 3629; x_wconf 89' lang='lat' dir='ltr'><strong>eadem</strong></span> <span class='ocrx_word' id='word_1_365' title='bbox 1226 3550 1303 3610; x_wconf 87' lang='lat' dir='ltr'><strong>ratio</strong></span> <span class='ocrx_word' id='word_1_366' title='bbox 1318 3549 1455 3609; x_wconf 80' lang='lat' dir='ltr'><strong>formalis</strong></span> 
     </span>
     <span class='ocr_line' id='line_1_38' title="bbox 233 3629 1454 3717; baseline 0.002 -27"><span class='ocrx_word' id='word_1_367' title='bbox 233 3629 301 3717; x_wconf 60' lang='lat' dir='ltr'><strong>lid.</strong></span> <span class='ocrx_word' id='word_1_368' title='bbox 322 3634 366 3696; x_wconf 87' lang='lat' dir='ltr'><strong>nd</strong></span> <span class='ocrx_word' id='word_1_369' title='bbox 383 3635 417 3696; x_wconf 68' lang='lat'><strong>2.</strong></span> <span class='ocrx_word' id='word_1_370' title='bbox 439 3637 478 3699; x_wconf 85' lang='lat' dir='ltr'><strong>n.</strong></span> <span class='ocrx_word' id='word_1_371' title='bbox 502 3633 659 3698; x_wconf 81' lang='lat' dir='ltr'><strong>Proximus</strong></span> <span class='ocrx_word' id='word_1_372' title='bbox 676 3633 811 3696; x_wconf 89' lang='lat' dir='ltr'><strong>bonitate</strong></span> <span class='ocrx_word' id='word_1_373' title='bbox 851 3633 985 3694; x_wconf 91' lang='lat' dir='ltr'><strong>caritatis</strong></span> <span class='ocrx_word' id='word_1_374' title='bbox 1002 3633 1203 3714; x_wconf 88' lang='lat' dir='ltr'><strong>complectens</strong></span> <span class='ocrx_word' id='word_1_375' title='bbox 1220 3631 1315 3694; x_wconf 87' lang='lat' dir='ltr'><strong>Deum</strong></span> <span class='ocrx_word' id='word_1_376' title='bbox 1332 3641 1363 3693; x_wconf 90' lang='lat' dir='ltr'><strong>et</strong></span> <span class='ocrx_word' id='word_1_377' title='bbox 1381 3650 1454 3712; x_wconf 92' lang='lat' dir='ltr'><strong>pro-</strong></span> 
     </span>
     <span class='ocr_line' id='line_1_39' title="bbox 219 3706 1047 3801; baseline 0.008 -31"><span class='ocrx_word' id='word_1_378' title='bbox 219 3706 268 3772; x_wconf 86' lang='lat' dir='ltr'><strong>ntt</strong></span> <span class='ocrx_word' id='word_1_379' title='bbox 284 3714 461 3782; x_wconf 86' lang='lat' dir='ltr'><strong>inhaerente</strong></span> <span class='ocrx_word' id='word_1_380' title='bbox 476 3729 521 3782; x_wconf 89' lang='lat' dir='ltr'><strong>est</strong></span> <span class='ocrx_word' id='word_1_381' title='bbox 539 3719 689 3799; x_wconf 89' lang='lat' dir='ltr'><strong>amabilis,</strong></span> <span class='ocrx_word' id='word_1_382' title='bbox 707 3728 812 3801; x_wconf 89' lang='lat' dir='ltr'><strong>quate·</strong></span> <span class='ocrx_word' id='word_1_383' title='bbox 851 3717 965 3779; x_wconf 79' lang='lat' dir='ltr'><strong>nimum</strong></span> <span class='ocrx_word' id='word_1_384' title='bbox 986 3717 1047 3797; x_wconf 81' lang='lat' dir='ltr'><strong>(l).</strong></span> 
     </span>
    </p>
   </div>
   <div class='ocr_carea' id='block_1_4' title="bbox 220 3845 1455 4663">
    <p class='ocr_par' dir='ltr' id='par_1_4' title="bbox 220 3845 1455 4663">
     <span class='ocr_line' id='line_1_40' title="bbox 246 3845 1454 3920; baseline -0.003 -16"><span class='ocrx_word' id='word_1_385' title='bbox 246 3845 280 3912; x_wconf 75' lang='lat' dir='ltr'><strong>(l)</strong></span> <span class='ocrx_word' id='word_1_386' title='bbox 290 3849 330 3902; x_wconf 77' lang='lat' dir='ltr'><strong>Cf.</strong></span> <span class='ocrx_word' id='word_1_387' title='bbox 342 3855 440 3904; x_wconf 80' lang='lat' dir='ltr'><strong>Suarrz</strong></span> <span class='ocrx_word' id='word_1_388' title='bbox 457 3853 507 3904; x_wconf 90' lang='lat' dir='ltr'><strong>lnc.</strong></span> <span class='ocrx_word' id='word_1_389' title='bbox 522 3853 567 3903; x_wconf 87' lang='lat' dir='ltr'><strong>eit.</strong></span> <span class='ocrx_word' id='word_1_390' title='bbox 580 3861 642 3904; x_wconf 79' lang='lat' dir='ltr'><strong>sect.</strong></span> <span class='ocrx_word' id='word_1_391' title='bbox 662 3857 688 3916; x_wconf 73' lang='lat'><strong>2,</strong></span> <span class='ocrx_word' id='word_1_392' title='bbox 707 3867 733 3902; x_wconf 87' lang='lat' dir='ltr'><strong>n.</strong></span> <span class='ocrx_word' id='word_1_393' title='bbox 748 3858 774 3904; x_wconf 78' lang='lat'><strong>2.</strong></span> <span class='ocrx_word' id='word_1_394' title='bbox 884 3852 924 3920; x_wconf 77' lang='grc' dir='ltr'><strong>(ὅ)</strong></span> <span class='ocrx_word' id='word_1_395' title='bbox 938 3850 1014 3916; x_wconf 74' lang='lat' dir='ltr'><strong>Quod</strong></span> <span class='ocrx_word' id='word_1_396' title='bbox 1027 3849 1067 3902; x_wconf 86' lang='lat' dir='ltr'><strong>vel</strong></span> <span class='ocrx_word' id='word_1_397' title='bbox 1087 3850 1141 3918; x_wconf 84' lang='lat' dir='ltr'><strong>ipse</strong></span> <span class='ocrx_word' id='word_1_398' title='bbox 1157 3850 1263 3901; x_wconf 82' lang='lat' dir='ltr'><strong>arnorit</strong></span> <span class='ocrx_word' id='word_1_399' title='bbox 1275 3849 1390 3909; x_wconf 79' lang='lat' dir='ltr'><strong>Snornz,</strong></span> <span class='ocrx_word' id='word_1_400' title='bbox 1408 3851 1454 3916; x_wconf 81' lang='lat' dir='ltr'><strong>qni</strong></span> 
     </span>
     <span class='ocr_line' id='line_1_41' title="bbox 247 3913 1455 3988; baseline 0.001 -21"><span class='ocrx_word' id='word_1_401' title='bbox 247 3913 282 3978; x_wconf 61' lang='grc' dir='ltr'><strong>(ἓ)</strong></span> <span class='ocrx_word' id='word_1_402' title='bbox 299 3919 368 3968; x_wconf 83' lang='lat' dir='ltr'><strong>lutor</strong></span> <span class='ocrx_word' id='word_1_403' title='bbox 386 3938 451 3988; x_wconf 84' lang='lat' dir='ltr'><strong>qrrns</strong></span> <span class='ocrx_word' id='word_1_404' title='bbox 462 3922 572 3974; x_wconf 77' lang='lat' dir='ltr'><strong>eximius</strong></span> <span class='ocrx_word' id='word_1_405' title='bbox 588 3922 683 3972; x_wconf 83' lang='lat' dir='ltr'><strong>Suaroz</strong></span> <span class='ocrx_word' id='word_1_406' title='bbox 703 3921 751 3972; x_wconf 86' lang='lat' dir='ltr'><strong>loc.</strong></span> <span class='ocrx_word' id='word_1_407' title='bbox 763 3921 807 3971; x_wconf 85' lang='lat' dir='ltr'><strong>eit.</strong></span> <span class='ocrx_word' id='word_1_408' title='bbox 851 3930 906 3985; x_wconf 83' lang='lat' dir='ltr'><strong>post</strong></span> <span class='ocrx_word' id='word_1_409' title='bbox 923 3920 993 3970; x_wconf 80' lang='lat' dir='ltr'><strong>varia</strong></span> <span class='ocrx_word' id='word_1_410' title='bbox 1012 3919 1072 3969; x_wconf 87' lang='lat' dir='ltr'><strong>hinc</strong></span> <span class='ocrx_word' id='word_1_411' title='bbox 1091 3917 1151 3968; x_wconf 88' lang='lat' dir='ltr'><strong>indo</strong></span> <span class='ocrx_word' id='word_1_412' title='bbox 1163 3919 1302 3984; x_wconf 79' lang='lat' dir='ltr'><strong>disceptate</strong></span> <span class='ocrx_word' id='word_1_413' title='bbox 1321 3918 1455 3968; x_wconf 84' lang='lat' dir='ltr'><strong>concludit</strong></span> 
     </span>
     <span class='ocr_line' id='line_1_42' title="bbox 220 3985 1454 4068; baseline 0.002 -34"><span class='ocrx_word' id='word_1_414' title='bbox 220 3988 243 4048; x_wconf 69' lang='grc' dir='ltr'><strong>Ρ·</strong></span> <span class='ocrx_word' id='word_1_415' title='bbox 263 3985 287 4042; x_wconf 81' lang='grc'><strong>5,</strong></span> <span class='ocrx_word' id='word_1_416' title='bbox 305 3985 348 4038; x_wconf 90' lang='lat' dir='ltr'><strong>uhi</strong></span> <span class='ocrx_word' id='word_1_417' title='bbox 366 3991 470 4050; x_wconf 81' lang='lat' dir='ltr'><strong>statuit,</strong></span> <span class='ocrx_word' id='word_1_418' title='bbox 500 3988 569 4068; x_wconf 75' lang='lat' dir='ltr'><strong>qnod</strong></span> <span class='ocrx_word' id='word_1_419' title='bbox 600 3989 745 4055; x_wconf 77' lang='lat' dir='ltr'><strong>proximas,</strong></span> <span class='ocrx_word' id='word_1_420' title='bbox 763 3989 809 4055; x_wconf 83' lang='lat' dir='ltr'><strong>qui</strong></span> <span class='ocrx_word' id='word_1_421' title='bbox 848 3989 951 4039; x_wconf 80' lang='lat' dir='ltr'><strong>domum</strong></span> <span class='ocrx_word' id='word_1_422' title='bbox 972 3990 1043 4038; x_wconf 77' lang='lat' dir='ltr'><strong>mla</strong></span> <span class='ocrx_word' id='word_1_423' title='bbox 1064 3985 1185 4052; x_wconf 78' lang='lat' dir='ltr'><strong>«Opinio</strong></span> <span class='ocrx_word' id='word_1_424' title='bbox 1204 3985 1336 4036; x_wconf 83' lang='lat' dir='ltr'><strong>haccnuu</strong></span> <span class='ocrx_word' id='word_1_425' title='bbox 1354 3985 1454 4037; x_wconf 79' lang='lat' dir='ltr'><strong>estim-</strong></span> 
     </span>
     <span class='ocr_line' id='line_1_43' title="bbox 220 4050 1455 4123; baseline 0.013 -35"><span class='ocrx_word' id='word_1_426' title='bbox 220 4050 344 4103; x_wconf 76' lang='lat' dir='ltr'><strong>mtrinsncc</strong></span> <span class='ocrx_word' id='word_1_427' title='bbox 363 4057 445 4107; x_wconf 85' lang='lat' dir='ltr'><strong>iustus</strong></span> <span class='ocrx_word' id='word_1_428' title='bbox 461 4057 607 4107; x_wconf 72' lang='lat' dir='ltr'><strong>nstrnstitia</strong></span> <span class='ocrx_word' id='word_1_429' title='bbox 625 4065 709 4106; x_wconf 82' lang='lat' dir='ltr'><strong>eroum</strong></span> <span class='ocrx_word' id='word_1_430' title='bbox 727 4065 807 4106; x_wconf 89' lang='lat' dir='ltr'><strong>etsu·</strong></span> <span class='ocrx_word' id='word_1_431' title='bbox 849 4055 986 4123; x_wconf 83' lang='lat' dir='ltr'><strong>possibilis,</strong></span> <span class='ocrx_word' id='word_1_432' title='bbox 1004 4064 1034 4104; x_wconf 90' lang='lat' dir='ltr'><strong>ut</strong></span> <span class='ocrx_word' id='word_1_433' title='bbox 1050 4052 1123 4116; x_wconf 83' lang='lat' dir='ltr'><strong>dixi;</strong></span> <span class='ocrx_word' id='word_1_434' title='bbox 1141 4061 1228 4104; x_wconf 69' lang='lat' dir='ltr'><strong>taurin-n</strong></span> <span class='ocrx_word' id='word_1_435' title='bbox 1246 4053 1334 4103; x_wconf 81' lang='lat' dir='ltr'><strong>verius</strong></span> <span class='ocrx_word' id='word_1_436' title='bbox 1350 4062 1398 4113; x_wconf 81' lang='lat' dir='ltr'><strong>est,</strong></span> <span class='ocrx_word' id='word_1_437' title='bbox 1423 4070 1455 4104; x_wconf 90' lang='lat' dir='ltr'><strong>o·</strong></span> 
     </span>
     <span class='ocr_line' id='line_1_44' title="bbox 221 4119 1452 4189; baseline 0.011 -31"><span class='ocrx_word' id='word_1_438' title='bbox 221 4121 363 4184; x_wconf 85' lang='lat' dir='ltr'><strong>pernoturuli</strong></span> <span class='ocrx_word' id='word_1_439' title='bbox 381 4125 430 4175; x_wconf 72' lang='lat' dir='ltr'><strong>silai</strong></span> <span class='ocrx_word' id='word_1_440' title='bbox 448 4125 607 4185; x_wconf 79' lang='lat' dir='ltr'><strong>inhaerente,</strong></span> <span class='ocrx_word' id='word_1_441' title='bbox 625 4127 658 4174; x_wconf 82' lang='lat' dir='ltr'><strong>sit</strong></span> <span class='ocrx_word' id='word_1_442' title='bbox 669 4123 746 4174; x_wconf 84' lang='lat' dir='ltr'><strong>utiam</strong></span> <span class='ocrx_word' id='word_1_443' title='bbox 762 4123 808 4174; x_wconf 91' lang='lat' dir='ltr'><strong>oh·</strong></span> <span class='ocrx_word' id='word_1_444' title='bbox 848 4121 1050 4175; x_wconf 75' lang='lat' dir='ltr'><strong>murmurandum</strong></span> <span class='ocrx_word' id='word_1_445' title='bbox 1066 4120 1212 4174; x_wconf 83' lang='lat' dir='ltr'><strong>dilectionis</strong></span> <span class='ocrx_word' id='word_1_446' title='bbox 1239 4121 1349 4189; x_wconf 77' lang='lat' dir='ltr'><strong>proximi</strong></span> <span class='ocrx_word' id='word_1_447' title='bbox 1366 4119 1398 4171; x_wconf 82' lang='lat' dir='ltr'><strong>ad</strong></span> <span class='ocrx_word' id='word_1_448' title='bbox 1418 4138 1452 4172; x_wconf 92' lang='lat' dir='ltr'><strong>n·</strong></span> 
     </span>
     <span class='ocr_line' id='line_1_45' title="bbox 220 4189 1454 4257; baseline 0.004 -24"><span class='ocrx_word' id='word_1_449' title='bbox 220 4191 302 4256; x_wconf 70' lang='lat' dir='ltr'><strong>ltctum</strong></span> <span class='ocrx_word' id='word_1_450' title='bbox 319 4191 428 4244; x_wconf 77' lang='lat' dir='ltr'><strong>arnaliile</strong></span> <span class='ocrx_word' id='word_1_451' title='bbox 448 4193 638 4257; x_wconf 79' lang='lat' dir='ltr'><strong>mpornaturali</strong></span> <span class='ocrx_word' id='word_1_452' title='bbox 659 4191 806 4256; x_wconf 77' lang='lat' dir='ltr'><strong>dilectione,</strong></span> <span class='ocrx_word' id='word_1_453' title='bbox 848 4209 905 4242; x_wconf 86' lang='lat' dir='ltr'><strong>narn</strong></span> <span class='ocrx_word' id='word_1_454' title='bbox 924 4192 1046 4241; x_wconf 80' lang='lat' dir='ltr'><strong>virtutem</strong></span> <span class='ocrx_word' id='word_1_455' title='bbox 1075 4191 1189 4240; x_wconf 78' lang='lat' dir='ltr'><strong>caritatis</strong></span> <span class='ocrx_word' id='word_1_456' title='bbox 1216 4189 1367 4254; x_wconf 82' lang='lat' dir='ltr'><strong>pertinere,</strong></span> <span class='ocrx_word' id='word_1_457' title='bbox 1392 4190 1454 4256; x_wconf 79' lang='lat' dir='ltr'><strong>quia</strong></span> 
     </span>
     <span class='ocr_line' id='line_1_46' title="bbox 220 4253 1455 4326; baseline 0.003 -24"><span class='ocrx_word' id='word_1_458' title='bbox 220 4253 383 4309; x_wconf 73' lang='lat' dir='ltr'><strong>etttttsohincti</strong></span> <span class='ocrx_word' id='word_1_459' title='bbox 402 4261 515 4326; x_wconf 75' lang='lat' dir='ltr'><strong>proxima</strong></span> <span class='ocrx_word' id='word_1_460' title='bbox 533 4264 597 4310; x_wconf 87' lang='lat' dir='ltr'><strong>ratio</strong></span> <span class='ocrx_word' id='word_1_461' title='bbox 614 4275 664 4310; x_wconf 91' lang='lat' dir='ltr'><strong>nnn</strong></span> <span class='ocrx_word' id='word_1_462' title='bbox 682 4268 719 4309; x_wconf 83' lang='lat' dir='ltr'><strong>est</strong></span> <span class='ocrx_word' id='word_1_463' title='bbox 731 4258 805 4309; x_wconf 89' lang='lat' dir='ltr'><strong>huni-</strong></span> <span class='ocrx_word' id='word_1_464' title='bbox 847 4259 873 4310; x_wconf 92' lang='lat' dir='ltr'><strong>in</strong></span> <span class='ocrx_word' id='word_1_465' title='bbox 892 4275 964 4310; x_wconf 78' lang='lat' dir='ltr'><strong>sacra</strong></span> <span class='ocrx_word' id='word_1_466' title='bbox 983 4258 1117 4324; x_wconf 76' lang='lat' dir='ltr'><strong>Scriptum</strong></span> <span class='ocrx_word' id='word_1_467' title='bbox 1134 4266 1162 4308; x_wconf 82' lang='lat' dir='ltr'><strong>et</strong></span> <span class='ocrx_word' id='word_1_468' title='bbox 1184 4257 1303 4323; x_wconf 80' lang='lat' dir='ltr'><strong>patribus</strong></span> <span class='ocrx_word' id='word_1_469' title='bbox 1320 4255 1455 4306; x_wconf 82' lang='lat' dir='ltr'><strong>inauditus</strong></span> 
     </span>
     <span class='ocr_line' id='line_1_47' title="bbox 221 4315 1451 4394; baseline 0.007 -34"><span class='ocrx_word' id='word_1_470' title='bbox 221 4315 251 4360; x_wconf 86' lang='lat' dir='ltr'><strong>lar</strong></span> <span class='ocrx_word' id='word_1_471' title='bbox 262 4316 302 4370; x_wconf 82' lang='lat' dir='ltr'><strong>llri</strong></span> <span class='ocrx_word' id='word_1_472' title='bbox 319 4322 441 4390; x_wconf 77' lang='lat' dir='ltr'><strong>increata,</strong></span> <span class='ocrx_word' id='word_1_473' title='bbox 457 4328 500 4380; x_wconf 74' lang='lat' dir='ltr'><strong>eod</strong></span> <span class='ocrx_word' id='word_1_474' title='bbox 512 4337 612 4386; x_wconf 85' lang='lat' dir='ltr'><strong>oruata,</strong></span> <span class='ocrx_word' id='word_1_475' title='bbox 631 4343 698 4394; x_wconf 73' lang='lat' dir='ltr'><strong>(pirae</strong></span> <span class='ocrx_word' id='word_1_476' title='bbox 716 4327 805 4377; x_wconf 87' lang='lat' dir='ltr'><strong>inhae—</strong></span> <span class='ocrx_word' id='word_1_477' title='bbox 846 4328 967 4378; x_wconf 80' lang='lat' dir='ltr'><strong>ertolius</strong></span> <span class='ocrx_word' id='word_1_478' title='bbox 983 4342 1056 4376; x_wconf 84' lang='lat' dir='ltr'><strong>amur</strong></span> <span class='ocrx_word' id='word_1_479' title='bbox 1076 4325 1177 4376; x_wconf 78' lang='lat' dir='ltr'><strong>inlusus</strong></span> <span class='ocrx_word' id='word_1_480' title='bbox 1193 4324 1241 4376; x_wconf 80' lang='lat' dir='ltr'><strong>Dei</strong></span> <span class='ocrx_word' id='word_1_481' title='bbox 1260 4333 1285 4374; x_wconf 85' lang='lat' dir='ltr'><strong>et</strong></span> <span class='ocrx_word' id='word_1_482' title='bbox 1305 4325 1423 4390; x_wconf 77' lang='lat' dir='ltr'><strong>perimi.</strong></span> <span class='ocrx_word' id='word_1_483' title='bbox 1439 4345 1451 4368; x_wconf 76' lang='grc' dir='ltr'>ι</span> 
     </span>
     <span class='ocr_line' id='line_1_48' title="bbox 221 4388 1453 4463; baseline 0.006 -31"><span class='ocrx_word' id='word_1_484' title='bbox 221 4391 510 4462; x_wconf 73' lang='lat' dir='ltr'><strong>trtprnximo.ldqueox</strong></span> <span class='ocrx_word' id='word_1_485' title='bbox 521 4395 668 4454; x_wconf 73' lang='lat' dir='ltr'><strong>coemerit,</strong></span> <span class='ocrx_word' id='word_1_486' title='bbox 679 4395 803 4463; x_wconf 88' lang='lat' dir='ltr'><strong>qundlruc</strong></span> <span class='ocrx_word' id='word_1_487' title='bbox 880 4397 917 4460; x_wconf 79' lang='lat' dir='ltr'><strong>(tr)</strong></span> <span class='ocrx_word' id='word_1_488' title='bbox 932 4395 973 4446; x_wconf 80' lang='lat' dir='ltr'><strong>Cf.</strong></span> <span class='ocrx_word' id='word_1_489' title='bbox 993 4398 1089 4446; x_wconf 80' lang='lat' dir='ltr'><strong>Saarna</strong></span> <span class='ocrx_word' id='word_1_490' title='bbox 1108 4394 1156 4444; x_wconf 86' lang='lat' dir='ltr'><strong>luc.</strong></span> <span class='ocrx_word' id='word_1_491' title='bbox 1183 4394 1228 4442; x_wconf 90' lang='lat' dir='ltr'><strong>cit.</strong></span> <span class='ocrx_word' id='word_1_492' title='bbox 1249 4390 1364 4448; x_wconf 71' lang='lat' dir='ltr'><strong>nicenti,</strong></span> <span class='ocrx_word' id='word_1_493' title='bbox 1383 4388 1453 4455; x_wconf 81' lang='lat' dir='ltr'><strong>qrrod</strong></span> 
     </span>
     <span class='ocr_line' id='line_1_49' title="bbox 221 4443 1453 4521; baseline 0.006 -25"><span class='ocrx_word' id='word_1_494' title='bbox 221 4443 335 4520; x_wconf 76' lang='lat' dir='ltr'><strong>thracium</strong></span> <span class='ocrx_word' id='word_1_495' title='bbox 353 4463 450 4513; x_wconf 87' lang='lat' dir='ltr'><strong>ratione</strong></span> <span class='ocrx_word' id='word_1_496' title='bbox 464 4463 541 4514; x_wconf 87' lang='lat' dir='ltr'><strong>huius</strong></span> <span class='ocrx_word' id='word_1_497' title='bbox 557 4461 677 4513; x_wconf 83' lang='lat' dir='ltr'><strong>honitatis</strong></span> <span class='ocrx_word' id='word_1_498' title='bbox 694 4464 725 4513; x_wconf 87' lang='lat' dir='ltr'><strong>sit</strong></span> <span class='ocrx_word' id='word_1_499' title='bbox 737 4479 804 4512; x_wconf 88' lang='lat' dir='ltr'><strong>urna·</strong></span> <span class='ocrx_word' id='word_1_500' title='bbox 845 4463 971 4513; x_wconf 82' lang='lat' dir='ltr'><strong>naturalis</strong></span> <span class='ocrx_word' id='word_1_501' title='bbox 993 4463 1111 4512; x_wconf 76' lang='lat' dir='ltr'><strong>honestas</strong></span> <span class='ocrx_word' id='word_1_502' title='bbox 1122 4470 1234 4521; x_wconf 77' lang='lat' dir='ltr'><strong>uniatur,</strong></span> <span class='ocrx_word' id='word_1_503' title='bbox 1252 4459 1273 4508; x_wconf 90' lang='lat' dir='ltr'><strong>si</strong></span> <span class='ocrx_word' id='word_1_504' title='bbox 1292 4471 1364 4506; x_wconf 82' lang='lat' dir='ltr'><strong>amor</strong></span> <span class='ocrx_word' id='word_1_505' title='bbox 1380 4461 1453 4505; x_wconf 79' lang='lat' dir='ltr'><strong>autu·</strong></span> 
     </span>
     <span class='ocr_line' id='line_1_50' title="bbox 237 4513 1453 4601; baseline 0 -29"><span class='ocrx_word' id='word_1_506' title='bbox 237 4513 273 4592; x_wconf 62' lang='lat'><strong>{¹⁰5</strong></span> <span class='ocrx_word' id='word_1_507' title='bbox 290 4523 351 4576; x_wconf 86' lang='lat' dir='ltr'><strong>Cum</strong></span> <span class='ocrx_word' id='word_1_508' title='bbox 370 4545 429 4579; x_wconf 86' lang='lat' dir='ltr'><strong>vrrn</strong></span> <span class='ocrx_word' id='word_1_509' title='bbox 446 4531 488 4582; x_wconf 91' lang='lat' dir='ltr'><strong>illa</strong></span> <span class='ocrx_word' id='word_1_510' title='bbox 509 4531 621 4598; x_wconf 78' lang='lat' dir='ltr'><strong>proriam</strong></span> <span class='ocrx_word' id='word_1_511' title='bbox 640 4531 803 4582; x_wconf 73' lang='lat' dir='ltr'><strong>ratiocinan-</strong></span> <span class='ocrx_word' id='word_1_512' title='bbox 844 4535 908 4580; x_wconf 76' lang='lat' dir='ltr'><strong>ralia</strong></span> <span class='ocrx_word' id='word_1_513' title='bbox 923 4535 956 4580; x_wconf 81' lang='lat' dir='ltr'><strong>ar&#39;l</strong></span> <span class='ocrx_word' id='word_1_514' title='bbox 971 4532 1103 4592; x_wconf 70' lang='lat' dir='ltr'><strong>perfectus,</strong></span> <span class='ocrx_word' id='word_1_515' title='bbox 1121 4536 1227 4595; x_wconf 83' lang='lat' dir='ltr'><strong>propter</strong></span> <span class='ocrx_word' id='word_1_516' title='bbox 1253 4523 1453 4601; x_wconf 52' lang='lat' dir='ltr'><strong>llounmllicc·</strong></span> 
     </span>
     <span class='ocr_line' id='line_1_51' title="bbox 236 4592 1453 4663; baseline 0.012 -35"><span class='ocrx_word' id='word_1_517' title='bbox 236 4594 493 4658; x_wconf 77' lang='lat' dir='ltr'><strong>rsrtrupernatnmlis,</strong></span> <span class='ocrx_word' id='word_1_518' title='bbox 503 4599 591 4658; x_wconf 75' lang='lat' dir='ltr'><strong>infert,</strong></span> <span class='ocrx_word' id='word_1_519' title='bbox 604 4599 677 4648; x_wconf 85' lang='lat' dir='ltr'><strong>illurn</strong></span> <span class='ocrx_word' id='word_1_520' title='bbox 690 4615 802 4650; x_wconf 76' lang='lat' dir='ltr'><strong>errrorem</strong></span> <span class='ocrx_word' id='word_1_521' title='bbox 845 4599 897 4649; x_wconf 91' lang='lat' dir='ltr'><strong>nim</strong></span> <span class='ocrx_word' id='word_1_522' title='bbox 916 4601 1003 4663; x_wconf 80' lang='lat' dir='ltr'><strong>agitur</strong></span> <span class='ocrx_word' id='word_1_523' title='bbox 1015 4597 1048 4645; x_wconf 85' lang='lat' dir='ltr'><strong>de</strong></span> <span class='ocrx_word' id='word_1_524' title='bbox 1064 4612 1150 4646; x_wconf 79' lang='lat' dir='ltr'><strong>errrore</strong></span> <span class='ocrx_word' id='word_1_525' title='bbox 1166 4592 1288 4661; x_wconf 79' lang='lat' dir='ltr'><strong>perlecto.</strong></span> <span class='ocrx_word' id='word_1_526' title='bbox 1308 4593 1360 4654; x_wconf 80' lang='lat' dir='ltr'><strong>Qui</strong></span> <span class='ocrx_word' id='word_1_527' title='bbox 1383 4605 1453 4642; x_wconf 89' lang='lat' dir='ltr'><strong>cnnn</strong></span> 
     </span>
    </p>
   </div>
   <div class='ocr_carea' id='block_1_5' title="bbox 221 4657 1553 4734">
    <p class='ocr_par' dir='ltr' id='par_1_5' title="bbox 221 4657 1553 4734">
     <span class='ocr_line' id='line_1_52' title="bbox 221 4657 1553 4734; baseline -0.008 -15"><span class='ocrx_word' id='word_1_528' title='bbox 221 4657 800 4734; x_wconf 63' lang='lat' dir='ltr'><strong>¹&#39;&#39;&#39;⁰l&#39;ortronatumcsaoetiamsupernaturalem.</strong></span> <span class='ocrx_word' id='word_1_529' title='bbox 843 4667 975 4717; x_wconf 78' lang='lat' dir='ltr'><strong>caritatem</strong></span> <span class='ocrx_word' id='word_1_530' title='bbox 1002 4664 1058 4716; x_wconf 83' lang='lat' dir='ltr'><strong>vult</strong></span> <span class='ocrx_word' id='word_1_531' title='bbox 1075 4663 1193 4715; x_wconf 80' lang='lat' dir='ltr'><strong>conterre</strong></span> <span class='ocrx_word' id='word_1_532' title='bbox 1214 4676 1274 4711; x_wconf 86' lang='lat' dir='ltr'><strong>cum</strong></span> <span class='ocrx_word' id='word_1_533' title='bbox 1299 4674 1385 4710; x_wconf 80' lang='lat' dir='ltr'><strong>eruore</strong></span> <span class='ocrx_word' id='word_1_534' title='bbox 1408 4673 1452 4710; x_wconf 80' lang='lat' dir='ltr'><strong>na·</strong></span> <span class='ocrx_word' id='word_1_535' title='bbox 1549 4708 1553 4719; x_wconf 82' lang='grc'><strong>,</strong></span> 
     </span>
    </p>
   </div>
   <div class='ocr_carea' id='block_1_6' title="bbox 0 0 1873 5659">
    <p class='ocr_par' dir='ltr' id='par_1_6' title="bbox 0 0 1873 5659">
     <span class='ocr_line' id='line_1_53' title="bbox 0 0 1873 5659; baseline 0 0"><span class='ocrx_word' id='word_1_536' title='bbox 0 0 1873 5659; x_wconf 95' lang='lat' dir='ltr'><strong> </strong></span> 
     </span>
    </p>
   </div>
  </div>
 </body>
</html>
