3700 5659
731 513 827 558 CAPUT
846 514 906 558 l'lll.

213 612 329 686 idolum,
350 605 402 668 sed
418 606 454 668 ad
464 623 563 682 regem
578 605 666 667 unice
681 607 797 682 reterri,

214 691 449 758 cuiiuserriebat.
463 691 569 751 Procul
578 700 732 770 praeterea
748 690 800 750 ab·

214 787 270 843 erat
286 777 322 839 ab
346 777 404 836 hac
426 775 543 836 actione
561 774 685 854 quodvis
710 793 800 835 scan-

214 865 316 936 dalum,
334 879 402 920 cum
426 867 456 920 et
488 859 552 939 ipse
582 860 678 938 palam
698 867 728 919 et
746 877 800 918 co-

213 967 267 1008 ram
286 944 427 1005 omnibus
446 941 632 1005 adstantibus
649 943 801 1022 professus

213 1032 310 1106 luerat,
328 1046 362 1088 se
377 1026 567 1088 idololatriae
587 1027 729 1087 nuncium
749 1045 801 1088 re-

213 1113 330 1190 mittere,
351 1120 381 1172 et
402 1119 559 1191 praeterea
577 1127 633 1170 sua
649 1110 714 1190 ipsa
726 1129 801 1171 cou-

213 1197 291 1259 stanti
313 1195 419 1272 agendi
438 1194 555 1255 ratione
593 1193 624 1254 id
649 1195 800 1274 patefece-

213 1290 260 1342 rat.
280 1280 356 1342 llaec
374 1279 465 1340 nobis
484 1277 612 1339 difficilis
632 1278 724 1339 huius
742 1278 801 1340 loci

212 1365 317 1425 ridetur
328 1362 524 1425 verisimilior
540 1362 689 1441 'expositio
703 1364 763 1442 (l).

248 1451 316 1510 llll.
333 1448 378 1508 Ad
389 1447 421 1507 2.
436 1449 474 1509 D.
488 1446 640 1507 Laudatur
657 1447 738 1507 zelus
754 1446 801 1508 le-

214 1533 260 1609 hu,
277 1533 324 1608 C.;
344 1531 412 1592 eius
434 1529 605 1606 simulatio,
625 1532 664 1593 Ν.
686 1529 802 1610 Optime

215 1635 236 1676 s.
257 1617 382 1676 Thomas
401 1615 474 1674 huic
491 1613 655 1674 dillicultati
674 1633 802 1694 respon-

216 1700 261 1760 dit:
280 1700 504 1762 simulationem
521 1699 595 1760 lehn
614 1715 675 1759 non
697 1708 738 1760 ert
753 1717 804 1760 ne-

216 1801 278 1845 ccsse
293 1784 434 1845 encnsori
449 1799 468 1843 o
483 1789 600 1860 peccato
618 1782 664 1842 vel
681 1785 804 1844 menda-

215 1870 261 1942 cio,
279 1869 346 1946 poio
362 1867 462 1928 molnes
477 1866 550 1946 satit,
567 1872 667 1942 utpote
681 1867 717 1927 ub
737 1868 803 1928 ido-

217 1952 321 2013 lolotria
347 1951 515 2012 leeoboomi
549 1967 611 2010 non
643 1951 779 2012 recedens
791 1975 805 2024 ;

217 2037 431 2096 cornotendotnr
444 2043 543 2096 nutem
561 2041 587 2094 et
605 2035 806 2112 temporaliter

217 2127 418 2180 annunciator
437 2136 454 2179 o
472 2120 542 2194 Deo,
555 2135 616 2178 non
630 2135 689 2195 pro
708 2119 805 2179 sinm—

218 2204 313 2264 lotione
329 2205 378 2263 sed
397 2220 458 2282 pro
476 2203 553 2275 zelo,
578 2218 634 2280 qno
656 2204 806 2265 destinarit

217 2289 314 2347 nattum
330 2288 411 2348 Boot
431 2286 492 2366 (ἓ).
511 2284 596 2356 Quod
615 2285 736 2364 quidem
755 2307 806 2348 re-

220 2388 345 2448 sponsum
359 2379 517 2431 mutuatus
529 2377 575 2430 est
586 2369 746 2444 Angelicus
757 2371 808 2431 do-

220 2463 273 2513 ctor
282 2475 297 2515 a
306 2474 330 2515 s.
344 2454 586 2534 Augustino‚qui
596 2454 692 2515 inlih.
705 2463 809 2516 contra

221 2538 393 2601 mendacium
414 2539 513 2615 docet,
543 2538 617 2600 lebu
647 2557 664 2599 a
686 2547 808 2618 peccato

220 2620 367 2684 immunem
383 2641 448 2683 non
463 2623 568 2699 luisse,
586 2641 641 2684 uec
651 2632 809 2703 propterea

222 2723 275 2766 esse
289 2707 459 2768 imitatione
478 2706 599 2782 dignum
621 2707 681 2786 (3).

256 2791 320 2852 tou.
334 2791 371 2852 ll.
385 2789 456 2853 obt.
476 2790 500 2850 1.
519 2790 654 2871 Apostoli
673 2789 809 2852 iudaicos

221 2871 293 2952 ritus,
312 2875 427 2936 iamdiu
446 2873 556 2936 Christi
585 2884 681 2935 morte
717 2875 808 2936 abro-

222 2967 302 3033 gatos,
321 2958 481 3041 neophytis
508 2959 726 3039 permiserunt3
747 2958 809 3018 imo

217 3047 245 3109 ¹et
258 3042 372 3121 ipsimet
392 3045 604 3119 observarunt,
636 3042 691 3103 etsi
716 3042 810 3123 probe

222 3125 332 3204 scirent,
351 3128 469 3188 nullius
493 3145 546 3187 eos
577 3145 643 3188 esse
669 3126 807 3206 uirtutis,

223 3209 263 3267 sed
280 3210 471 3273 simulatione
483 3209 624 3291 quadam,
641 3218 717 3271 teste
735 3210 812 3271 Pau-

222 3289 246 3349 lo
259 3293 291 3353 ad
308 3293 429 3357 Galatas
447 3313 484 3370 n,
505 3296 545 3355 13
563 3295 714 3356 scribente
732 3315 738 3354 :
770 3295 810 3355 Et

223 3375 392 3442 unitionem·
419 3380 483 3441 eins
503 3377 659 3460 (cephae)
685 3396 810 3441 consen-

223 3472 309 3524 temnt
327 3465 417 3527 ceteri
431 3464 551 3540 ludaei,
571 3465 618 3525 ito
633 3471 668 3524 nt
685 3471 712 3524 et
727 3465 809 3524 Bor-

224 3547 304 3608 notns
319 3550 481 3611 duceretur
498 3549 535 3609 ob
553 3547 595 3609 eis
611 3547 645 3608 in
666 3547 751 3608 illam
766 3547 810 3607 si-

225 3631 416 3694 mulationem.
443 3631 476 3691 2⁰
499 3630 593 3710 ldque
611 3633 768 3692 continuat
782 3649 808 3691 s.

224 3705 420 3794 Hieronymus,
444 3715 666 3794 antiquioribus
686 3715 811 3794 scripto·

224 3794 296 3858 nbus
306 3799 439 3877 innixus,
455 3797 587 3878 Origeui,
600 3797 724 3879 Didymo
736 3798 813 3860 Lao·

252 3976 285 4044 (l)
301 3979 339 4033 Cl.
361 3982 459 4034 Natalis
471 3980 546 4033 Alex.
564 3979 766 4036 dissertationem
779 3981 812 4032 de

225 4039 321 4098 Naaman
339 4052 420 4117 Syro:
442 4048 528 4100 Utrnm
545 4064 600 4112 repe
611 4051 699 4117 Syrios
715 4054 740 4098 ta
753 4056 811 4100 tem-

225 4113 259 4168 tlt
269 4113 378 4168 litlanton
396 4122 515 4168 odorante
532 4121 592 4167 idoli
608 4122 698 4168 cultum
713 4123 812 4167 externo

225 4182 267 4227 ritu
292 4188 406 4236 simulare
434 4189 554 4247 noluerit,
579 4188 649 4248 idque
674 4191 812 4248 permiserit

226 4240 318 4301 liliatas.
337 4250 409 4316 Quae
427 4262 465 4303 est
484 4251 628 4303 dissertatio
646 4258 659 4304 t
674 4255 700 4304 in
719 4252 810 4303 histor.

225 4325 281 4363 nce.
298 4321 401 4384 quintae
418 4318 509 4372 muudi
529 4321 628 4370 aetatis.

264 4382 288 4446 Ξ)
306 4385 336 4449 ΙΙ,
347 4389 374 4447 2,
392 4404 420 4456 q.
442 4392 469 4450 ὅ,
487 4395 536 4438 aet.
556 4386 655 4438 lad2.

265 4451 289 4516 3)
305 4451 365 4520 Cap.
378 4459 405 4517 2,
427 4470 457 4505 n.
469 4460 495 4518 3,
513 4453 558 4506 ubi
576 4453 666 4506 scribit
689 4451 815 4505 aduersus

227 4506 416 4574 Priscilliauistas
428 4521 575 4590 exemplum
589 4522 652 4574 lehu
671 4519 813 4573 obtenden-

229 4583 276 4632 tes:
297 4589 393 4640 ·tttum
411 4605 477 4640 vero
496 4589 558 4641 lehn
576 4590 711 4641 ureudacio
733 4591 814 4655 impio

228 4654 249 4695 tl
258 4655 371 4716 marilleio
384 4659 510 4725 sacrilego
519 4657 673 4710 occidendos
685 4658 775 4724 impios
788 4667 809 4706 et
831 4686 833 4705 t

1364 503 1403 568 tto

841 607 960 682 dicenn,
986 607 1166 680 Alexandro,
1190 609 1321 674 Eusebio
1345 614 1444 678 Emis-

840 711 925 768 seno,
950 691 1109 754 Theodoro
1143 693 1387 760 Heracleouistae
1417 711 1446 762 et

840 775 944 836 loanni
963 775 1183 856 Chrysostomo.
1206 781 1236 840 3⁰
1253 779 1314 841 lluc
1335 784 1446 862 pariter

841 867 976 938 spectant
996 879 1072 942 quae
1091 862 1127 922 de
1146 881 1177 923 se
1193 863 1298 925 scribit
1318 866 1394 927 ideru
1409 871 1446 929 A·

841 946 976 1024 postolus
996 943 1018 1004 l.
1037 944 1104 1006 Cor.
1126 964 1164 1022 ut,
1190 947 1312 1010 20-2'2:
1335 951 1445 1013 Fnctrts

840 1045 907 1088 sitm
924 1029 1043 1090 Iudaeis
1056 1035 1205 1107 tamqnam
1221 1031 1388 1094 landricus...
1404 1037 1445 1098 lis·

842 1112 893 1190 qui
911 1114 967 1173 seth
986 1112 1047 1191 lcpe
1067 1123 1175 1188 erant,
1198 1117 1284 1192 perosi
1312 1120 1365 1179 snb
1384 1119 1446 1200 teyn

842 1213 970 1257 essem...
993 1197 1137 1259 Omnibus
1152 1201 1253 1260 ornnio
1267 1203 1364 1280 sectas
1379 1221 1445 1264 sunit

842 1289 874 1340 nt
893 1297 992 1341 omnes
1005 1283 1135 1359 facerem
1149 1283 1254 1343 snlaos.
1277 1283 1364 1362 Ergo.

884 1363 959 1425 tue.
981 1362 1070 1444 Resp.
1089 1364 1125 1425 ad
1137 1366 1165 1424 l.
1181 1369 1217 1428 tt.
1235 1367 1370 1448 Apostoli
1384 1389 1447 1430 mo-

843 1447 939 1508 saicas
949 1447 1154 1509 caeremonias
1163 1451 1363 1530 permiserunt
1378 1473 1447 1514 neo-

843 1530 952 1611 phytis,
973 1550 1006 1592 ac
1025 1531 1146 1608 ipsimet
1165 1551 1215 1594 eos
1235 1535 1443 1614 observarunt,

843 1623 945 1694 utpote
964 1624 1034 1676 tunc
1053 1618 1196 1695 temporis
1221 1617 1318 1679 licitas
1343 1639 1377 1680 ac
1397 1623 1446 1681 iu-

843 1697 1032 1776 differentes,
1056 1699 1105 1773 C.;
1122 1719 1157 1760 eu
1175 1701 1380 1782 simulatione,
1403 1709 1441 1769 N.

842 1781 1033 1862 Compertum
1055 1783 1133 1844 euim
1152 1792 1207 1861 est,
1229 1787 1374 1848 ecclesiae
1396 1789 1447 1848 in-

844 1866 1003 1927 cunabulis
1015 1868 1220 1928 caeremonias
1237 1872 1383 1932 mosaicas
1396 1893 1449 1952 per

844 1949 954 2011 Christi
964 1961 1089 2010 mortem
1103 1961 1238 2012 mortuas
1248 1953 1367 2032 quidem
1377 1957 1449 2016 luis-

845 2053 888 2110 se,
910 2053 971 2094 non
991 2044 1090 2094 autem
1111 2035 1208 2094 adhuc
1229 2038 1398 2099 mortiferus
1419 2060 1449 2100 e.-

844 2118 969 2193 uasisse,
991 2118 1127 2196 adeoque
1148 2119 1228 2180 licite
1244 2131 1380 2199 poterunt
1396 2143 1448 2184 eas

846 2202 980 2281 Apostoli
997 2203 1151 2282 neophytis
1171 2223 1205 2263 ex
1224 2203 1386 2282 Iudaismo,
1412 2209 1449 2269 ad

847 2304 898 2346 eos
914 2286 1032 2347 lucilius
1044 2285 1081 2346 ad
1093 2285 1199 2346 Christi
1214 2287 1300 2348 fidem
1315 2291 1448 2352 allicien-

848 2369 1450 2454 dos‚indulgere,acliciteetiamipsiens

848 2473 995 2534 usurpare
1012 2455 1042 2514 iu
1062 2455 1189 2515 eundem
1207 2457 1307 2517 duem.
1325 2459 1450 2538 Aposto-

848 2538 895 2598 lus
913 2557 982 2598 vero
999 2536 1094 2599 Galat.
1122 2557 1143 2599 11
1164 2550 1249 2600 vocnt
1267 2539 1385 2621 Cephae
1415 2565 1450 2604 a-

848 2622 936 2698 geudi
956 2623 1101 2682 rationem
1126 2623 1368 2702 simulationem,
1391 2646 1450 2688 non
1507 2683 1512 2692 .

848 2725 883 2764 eo
903 2725 992 2766 sensu
1013 2707 1093 2784 quod
1111 2705 1226 2785 Cephas
1252 2708 1319 2767 ficto
1347 2711 1447 2770 auimo

848 2788 889 2848 ita
907 2807 939 2848 se
963 2792 1106 2865 gesserit,
1128 2792 1178 2850 sed
1199 2791 1278 2869 quod
1300 2791 1377 2852 lucto
1394 2813 1448 2854 suo

850 2871 938 2932 tacite
957 2873 1123 2951 permoveri
1141 2883 1262 2952 possent
1285 2894 1319 2935 ex
1349 2879 1449 2936 othni-

849 2952 943 3015 cismo
963 2957 1109 3031 conversi,
1141 2965 1174 3016 ut
1206 2958 1372 3030 crederent,
1393 2962 1448 3021 ad-

850 3040 907 3099 huc
927 3041 1114 3100 necessarios
1133 3040 1200 3100 illos
1231 3041 1306 3102 ritus
1332 3044 1449 3122 luisse,

851 3132 883 3184 ut
902 3132 982 3202 patet
1002 3123 1032 3184 in
1053 3124 1117 3204 ipso
1138 3134 1277 3186 contextu
1294 3127 1355 3205 (t).

892 3209 966 3269 tlh.
988 3207 1033 3268 Ad
1049 3210 1079 3268 2.
1101 3209 1138 3269 D.
1162 3209 1196 3269 tlt
1217 3211 1290 3270 haec
1309 3211 1365 3272 luit
1387 3213 1451 3272 sin·

850 3292 963 3366 gularis
998 3291 1032 3352 ll.
1071 3291 1242 3372 Hieronymi
1275 3298 1449 3370 sententia,

850 3394 941 3453 quam
962 3386 1066 3456 postea
1085 3377 1228 3452 deseruit,
1251 3379 1299 3452 C.;
1321 3391 1365 3439 est
1380 3401 1451 3441 sou-

852 3459 945 3521 teutia
965 3461 1130 3540 probanda,
1155 3463 1194 3523 N.
1226 3461 1311 3522 Certe
1331 3482 1356 3522 s.
1379 3463 1451 3525 llie-

850 3562 994 3622 ronymus
1013 3545 1043 3603 iu
1059 3545 1272 3624 disputatione,
1291 3565 1379 3624 quarn
1398 3549 1452 3607 bne

851 3646 943 3705 super
963 3645 995 3688 re
1015 3627 1119 3688 babuit
1136 3647 1203 3688 curn
1224 3647 1248 3687 s.
1271 3631 1449 3706 Augustino,

851 3721 880 3771 et
899 3712 1008 3771 acriter
1027 3712 1190 3788 contendit,
1212 3711 1311 3772 statim
1331 3733 1347 3774 a
1365 3714 1451 3774 Chri-

851 3794 890 3856 sti
916 3805 1012 3856 morte
1046 3797 1194 3858 mosaicos
1219 3796 1296 3856 ritus
1330 3801 1452 3859 etl'ectos

851 3977 989 4046 sacrilegos
1006 3977 1179 4044 inquirentem
1198 3994 1249 4028 non
1268 3977 1451 4044 imitarentur,

852 4061 898 4094 nec
919 4047 939 4094 si
958 4045 990 4095 de
1005 4047 1057 4106 illo,
1077 4049 1160 4114 qualis
1173 4045 1269 4105 luisset,
1284 4045 1371 4096 eadem
1386 4050 1454 4098 bori-

852 4123 927 4180 ptura
948 4116 1075 4164 tacuisset.
1098 4113 1162 4165 Cum
1182 4129 1241 4163 vero
1259 4115 1383 4180 seriptum
1403 4119 1453 4177 sit,

852 4198 910 4231 euru
930 4190 1026 4232 reoturu
1046 4198 1089 4232 cor
1107 4197 1157 4231 nou
1173 4181 1291 4230 habuisse
1309 4199 1367 4232 eum
1383 4182 1452 4245 Deo;

852 4247 914 4316 quid
934 4251 957 4298 oi
976 4249 1090 4316 proluit,
1115 4249 1182 4316 quud
1209 4265 1254 4316 pro
1281 4252 1404 4299 nonnulla
1427 4269 1454 4300 o-

853 4315 993 4380 hedientia,
1011 4333 1087 4383 quatu
1106 4316 1230 4366 dedomo
1250 4317 1336 4366 Achab
1348 4318 1453 4367 cantino

851 4383 976 4440 delenda,
999 4401 1045 4452 pro
1064 4385 1204 4449 cupiditate
1225 4400 1284 4433 suae
1302 4383 1456 4434 dorninatio·

852 4460 893 4505 uis
915 4452 1043 4513 exliibttit,
1054 4452 1210 4518 aliquantam
1226 4452 1367 4502 turrcedeu·
1382 4463 1453 4500 trau-

852 4521 964 4572 sitoriaua
985 4524 1056 4586 regui
1076 4520 1221 4585 teuqiornlis
1243 4521 1384 4584 areepiti·

886 4587 925 4653 (h)
943 4586 983 4637 Cf.
1002 4587 1106 4637 thirttel.
1122 4603 1134 4635 a
1149 4586 1251 4652 lupide,
1271 4585 1378 4646 distincti,
1391 4584 1455 4636 Bre-

854 4655 990 4704 uni-diuum
1004 4671 1016 4704 a
1030 4654 1134 4704 Pirouio
1147 4655 1172 4702 lu
1186 4653 1254 4702 huuc
1268 4655 1317 4703 loc.
