3700 5659
749 521 845 567 canor
860 521 890 566 v.
1339 513 1396 576 251

188 629 314 698 rentur,
329 617 504 700 praesertim
522 615 548 678 si
568 614 751 692 intelligatur
766 615 802 676 de
821 649 825 690 ι
842 613 1016 694 adimpleri,
1040 613 1098 676 nisi
1127 615 1293 682 intercedat
1321 621 1442 700 caritas,

191 708 325 768 caritate
343 699 554 783 perlectasive
572 699 718 762 habituali
741 697 803 760 sive
843 683 924 776 quod
954 697 1029 758 illud
1053 698 1181 778 imperet
1199 702 1260 781 (2).
1284 704 1344 765 Alii
1373 712 1443 767 vero
1476 730 1479 734 ·

191 787 325 852 actuali.
844 790 1058 859 autumarnnt,
1088 793 1278 865 praeceptum
1311 788 1444 852 caritatis

241 871 319 932 225.
340 866 434 938 Quam
454 883 525 927 vero
542 874 606 928 tum
628 861 802 948 Scripturis,
844 869 1276 946 essepraeceptumgenerale,
1291 872 1445 950 quodsul·

196 965 265 1017 tum
278 972 321 1014 ss.
337 961 454 1033 patrum
470 950 634 1026 doctrinae,
646 949 805 1030 praecipue
844 947 979 1008 ficienter
991 948 1133 1029 impletur
1147 969 1201 1031 per
1214 952 1341 1016 aliorum
1354 973 1444 1035 prae-

194 1057 272 1099 vero
303 1055 330 1096 s.
357 1033 531 1111 Augustini,
551 1033 613 1094 sive
641 1031 724 1110 Bali,
745 1031 806 1093 sive
846 1040 1000 1112 ceptorum
1023 1032 1277 1113 observationem,
1298 1038 1371 1118 quin
1389 1057 1445 1098 ne-

198 1118 337 1183 lansenii
362 1125 392 1178 at
415 1115 567 1186 Quesnelli
592 1116 727 1177 doctrina
752 1115 807 1176 ad·
846 1132 930 1178 cesse
949 1114 988 1176 sit
1011 1115 1125 1177 bomini
1147 1117 1311 1181 christiano
1335 1121 1446 1183 elicere

195 1209 351 1277 versetur,
371 1200 531 1262 ostendunt
550 1199 684 1277 theologi
700 1199 731 1260 in
749 1206 810 1260 tra·
848 1205 933 1259 actus
960 1198 1105 1278 speciales
1133 1208 1163 1262 et
1184 1203 1339 1283 explicitos
1367 1204 1446 1266 dile-

202 1297 287 1348 ctatu
311 1285 348 1346 dc
363 1283 458 1360 gratia
473 1282 533 1363 (l).
848 1281 956 1342 ctionis
976 1281 1028 1342 llei
1043 1282 1104 1362 (3).

246 1370 324 1429 aab.
345 1366 505 1446 Reliquum
526 1366 698 1444 igiturest,
718 1371 752 1426 ut
773 1364 810 1425 de
891 1364 965 1425 228.
985 1362 1033 1426 Sic
1048 1366 1136 1428 etiam
1150 1385 1217 1430 cum
1233 1378 1391 1452 praecepto
1405 1378 1450 1433 te·

199 1459 365 1533 praecepto
371 1449 504 1510 caritatis
512 1457 739 1530 pertractemus.
748 1447 809 1512 lam
850 1466 977 1510 neamur
990 1467 1024 1509 ex
1040 1449 1162 1512 caritate
1175 1452 1276 1514 omnia
1290 1473 1382 1534 opera
1394 1474 1450 1516 no-

200 1555 275 1596 vero
291 1533 430 1614 quamvis
442 1551 534 1594 unum
547 1533 688 1613 idemque
699 1532 739 1593 sit
752 1532 813 1592 for·
851 1539 913 1592 stra
930 1531 961 1591 in
975 1530 1069 1593 Deum
1084 1534 1208 1612 referre,
1221 1538 1359 1598 nonnulli
1372 1556 1449 1599 con·

201 1620 285 1680 male
306 1617 450 1677 motivum
466 1617 599 1679 caritatis
613 1635 666 1678 scu
679 1615 813 1677 dilectio·
852 1615 977 1676 tendunt
989 1615 1157 1678 distinctam
1177 1636 1212 1679 ac
1229 1620 1385 1682 formalem
1399 1621 1449 1682 in-

202 1705 253 1763 nis
274 1701 329 1762 Dei
348 1708 379 1760 et
397 1699 540 1780 proximi,
560 1699 619 1761 duo
639 1707 739 1761 tamen
763 1698 811 1759 di·
853 1698 1015 1760 tentionem
1032 1699 1158 1779 requiri,
1179 1709 1213 1762 ut
1228 1701 1278 1764 isti
1293 1712 1451 1784 praecepto

201 1787 415 1860 stinguuntnr,
429 1781 813 1860 utvidimus,buiosvirtn·
853 1781 993 1860 satisfiat3
1018 1781 1070 1844 alii
1094 1802 1164 1846 vero
1186 1792 1288 1848 tenent
1308 1787 1351 1850 ita
1372 1787 1452 1850 cari-

204 1869 244 1929 tis
273 1868 395 1928 obiecta
425 1867 609 1944 materialia,
637 1866 813 1949 primarium
854 1872 914 1927 tate
944 1865 1031 1927 istam
1049 1865 1244 1930 intentionem
1270 1870 1401 1948 includi,
1420 1877 1454 1932 ut

203 1951 327 2012 scilicet
342 1949 424 2030 quod
439 1959 484 2011 cst
503 1949 593 2028 Dens,
615 1958 645 2011 et
666 1950 814 2011 secunda·
855 1949 908 2030 qni
919 1947 1035 2010 debitos
1047 1949 1215 2012 dilectionis
1227 1951 1280 2013 Dei
1294 1962 1379 2014 actus
1385 1971 1453 2033 per·

204 2036 303 2111 rium,
318 2051 427 2114 nempe
444 2033 608 2114 proximus.
629 2031 816 2114 Quapropter
854 2032 973 2093 solvunt
990 2040 1020 2094 et
1040 2033 1179 2096 mandata
1192 2045 1322 2114 servant,
1338 2036 1454 2116 absque

204 2118 244 2178 de
265 2127 397 2196 utroque
416 2133 555 2179 seorsum
574 2117 722 2179 distinctis
740 2117 815 2179 arti·
855 2134 995 2198 expressa
1018 2136 1053 2178 ac
1077 2117 1196 2179 lormali
1217 2117 1380 2182 identidem
1403 2119 1454 2180 iu·

204 2202 289 2262 culis
311 2217 448 2279 agemus.
639 2196 642 2204 ’
856 2199 988 2260 tentione
1015 2200 1157 2281 operandi
1185 2211 1308 2284 propter
1337 2203 1454 2279 Deum,

856 2283 928 2344 huic
942 2293 1099 2363 praecepto
1117 2284 1299 2348 satisfecisse
1313 2305 1457 2348 censean-

448 2346 588 2444 ⁸¹⁷‘.¹⁰.
700 2432 706 2446 ,
858 2375 916 2427 tur.
938 2365 975 2427 Ut
993 2367 1170 2444 igiturvera
1188 2387 1222 2429 ac
1241 2370 1457 2447 germanado·

312 2431 351 2484 θ’
367 2435 494 2494 ΡΝΜΡΜ
507 2433 642 2481 ⁶¹¹⁰⁶¹'⁰'¹‘⁸
658 2430 715 2484 ⁰²⁸·
857 2449 954 2511 ctrina
969 2449 1027 2512 boc
1041 2451 1078 2512 de
1090 2461 1265 2530 argumento
1279 2462 1391 2533 pateat,
1408 2453 1459 2513 in-

253 2533 330 2595 227.
351 2531 435 2594 Circa
448 2532 505 2594 hoc
520 2532 637 2596 divinae
650 2533 818 2597 dilectionis
857 2542 1018 2614 sequentes
1040 2535 1200 2597 statuimus
1225 2537 1446 2618 propositiones

210 2627 422 2699 praeceptum,
432 2624 465 2677 ut
479 2618 512 2677 lit
523 2618 574 2678 alii
586 2637 639 2699 per
649 2637 816 2697 excessum,

213 2720 270 2781 per
296 2701 445 2761 desectum
472 2700 523 2760 alii
545 2716 650 2762 auaro
669 2702 818 2763 discesse-
1051 2701 1224 2746 PR⁰P⁰S¹T¹⁰
1245 2702 1266 2746 ¹·

213 2795 299 2844 runi.
328 2783 384 2844 Per
408 2801 562 2844 excessum
586 2785 707 2865 quidem
727 2793 818 2867 quob·
859 2791 943 2843 Datur
960 2808 1042 2842 aarum
1058 2796 1210 2853 pracceptum
1224 2794 1381 2852 dediliqcado
1396 2792 1463 2854 Deo„

213 2877 293 2947 quoq
311 2866 538 2948 09nqendesanq’
558 2878 747 2949 praecepqum
762 2869 820 2930 1100
893 2863 964 2920 idque
981 2861 1094 2920 speciale,
1112 2859 1153 2906 cui
1168 2873 1216 2906 noa
1233 2859 1319 2918 satisfit
1328 2874 1372 2920 per
1381 2861 1459 2908 solum

212 2950 354 3025 obligare
373 2951 491 3030 quoties
508 2951 591 3011 aliud
605 2952 819 3032 obligatprae·
892 2930 1025 2976 ceterorum
1042 2928 1215 2976 mandatorum
1231 2925 1431 2975 observationem.

214 3044 361 3113 ceptum,
382 3032 453 3112 quia
479 3034 559 3095 iuxta
587 3035 680 3113 istoS,
701 3036 818 3096 nullum
903 3035 976 3098 ⁰229.
991 3033 1070 3096 Duas
1085 3033 1292 3114 complectitur
1302 3034 1462 3096 enunciata

211 3118 299 3178 aliud
328 3125 520 3197 praeceptum
549 3126 648 3200 potest
689 3119 820 3200 perfecte
862 3118 1028 3202 propositio
1042 3117 1462 3200 partes,alteram,quodde·

248 3299 288 3364 (l)
303 3295 411 3348 Possunt
423 3297 491 3348 inter
502 3307 601 3350 ceteros
618 3300 717 3350 consuli
730 3297 762 3350 de
771 3298 821 3350 hoc
861 3299 921 3352 dem
936 3309 1039 3368 peccata
1056 3317 1108 3352 non
1120 3298 1216 3350 babent
1233 3307 1314 3361 actus,
1326 3298 1373 3367 qui
1384 3299 1471 3351 eliciti·

213 3375 371 3431 argurrrento
388 3381 419 3416 ex
437 3365 550 3431 prolcsso
562 3373 699 3418 tractantes
715 3366 821 3428 suares,
862 3385 913 3420 non
926 3369 978 3420 sint
990 3384 1019 3418 es
1033 3369 1154 3425 caritatc;
1167 3375 1277 3416 attamen
1291 3366 1341 3416 illis
1351 3368 1464 3434 proxime

215 3431 353 3493 Fontaine,
378 3431 497 3498 lupoldo,
514 3442 584 3496 etc.,
604 3435 647 3501 qui
666 3435 724 3485 data
745 3449 822 3500 opera
863 3433 1079 3487 nimisacccdcre
1107 3432 1244 3496 videntur,
1275 3431 1336 3482 dum
1355 3449 1461 3500 praece-

216 3499 243 3548 in
277 3497 404 3548 eiusmodi
443 3499 583 3551 doctrinam
618 3503 821 3552 insurrexerunt.
863 3512 935 3569 ptum
959 3501 1062 3552 divinae
1079 3499 1224 3550 dilectionis
1241 3499 1275 3548 ita
1298 3509 1410 3564 urgent,
1433 3507 1463 3549 ut

214 3566 359 3616 Sum-emus
376 3566 477 3632 parcius
494 3567 598 3634 quidem
616 3567 648 3618 de
668 3569 708 3620 his
725 3570 779 3634 egit
796 3571 822 3618 in
863 3570 964 3621 nullum
978 3567 1069 3618 docere
1086 3566 1223 3618 videantur
1234 3564 1322 3615 baberi
1341 3563 1461 3632 opnsbo-

218 3641 296 3683 tract.
312 3634 349 3683 Dc
361 3639 427 3696 prat.
445 3650 475 3684 ac
493 3641 520 3683 de
536 3633 648 3698 Posuit,
666 3635 726 3702 quia
744 3643 824 3686 aetate
863 3653 936 3695 num,
960 3633 1028 3701 quod
1046 3649 1096 3683 non
1115 3634 1225 3699 imperet
1245 3633 1346 3682 caritas.
1370 3633 1407 3682 De
1424 3631 1464 3682 bia

215 3717 263 3750 sua
283 3700 327 3750 vix
351 3699 406 3752 Buii
431 3703 555 3752 ctoritates
575 3703 752 3753 innotuerunt.
778 3703 824 3755 Ast
864 3705 897 3755 ci.
919 3703 1077 3763 Theotopiom
1095 3702 1197 3750 Petrum
1211 3696 1462 3762 Wirceburqemium‚

215 3783 323 3832 copiose
341 3767 464 3818 advorsus
475 3768 565 3820 linium
582 3771 684 3835 scripsit
695 3771 824 3837 integrum
865 3779 927 3822 tom.
951 3773 977 3832 b,
1002 3768 1070 3836 disp.
1101 3771 1116 3818 b
1141 3768 1177 3819 De
1200 3770 1322 3828 caritate,
1352 3783 1409 3834 cap.
1430 3771 1462 3827 2,

215 3837 342 3886 volumen
373 3835 476 3886 in·lolio
499 3836 606 3902 llipalda
632 3835 700 3906 quo'd
724 3837 826 3888 duobus
864 3845 912 3890 art.
932 3841 958 3888 2.
1425 3897 1432 3908 θ
1498 3892 1501 3900 ,

217 3901 354 3967 prioribus
366 3903 402 3952 De
419 3908 472 3952 cate
488 3909 672 3966 supernaturali·
689 3904 768 3954 instar
780 3921 825 3972 ap·
898 3904 937 3970 (5)
956 3903 1026 3954 lnter
1035 3915 1099 3968 quos
1108 3907 1256 3952 recensetur
1268 3898 1395 3952 Antonius
1406 3897 1463 3949 Str·

219 3968 342 4034 [scudicia
359 3969 474 4032 adiecit3
495 3981 573 4036 prout
596 3971 718 4022 adversus
740 3972 824 4038 Ques·
865 3971 984 4031 mondus,
1003 3972 1048 4036 qui
1065 3967 1190 4020 conlundi
1210 3968 1301 4034 nequit
1316 3983 1376 4016 cum
1393 3965 1464 4016 cele-

218 4037 321 4087 nellum
335 4046 447 4101 quatuor
459 4037 633 4089 voluminibus
647 4037 825 4089 in-loliol'on-
865 4038 905 4088 bri
923 4036 1014 4088 Iacobo
1035 4034 1189 4097 Sirmondo,
1216 4036 1290 4085 cuius
1308 4049 1386 4099 nepos
1403 4034 1463 4083 luit.

220 4106 292 4154 taine
306 4103 332 4153 in
347 4120 390 4171 op.
411 4103 557 4154 Constitulio
578 4105 718 4170 uesperum
735 4109 826 4156 tlrcolo·
865 4105 914 4156 llic
932 4106 959 4156 in
983 4120 1025 4170 op.
1039 4103 1156 4153 Gallico:
1175 4103 1277 4163 Defensa
1296 4106 1323 4151 dc
1341 4104 1367 4150 lo
1384 4105 1463 4162 nerlu,

219 4175 272 4234 pice
290 4175 446 4234 propuqnoto
463 4169 602 4222 dimicavit.
867 4174 941 4233 ἐπι-8,
959 4171 1064 4238 negavit
1075 4170 1248 4220 necessitatem
1262 4167 1381 4220 eliciendi
1394 4177 1465 4219 actus

256 4237 296 4304 (2)
310 4237 392 4299 Licet,
409 4237 526 4304 quibuic
539 4237 677 4290 adbaerent
695 4237 825 4290 doctrinae
865 4239 988 4307 speciales
1009 4237 1154 4289 dilectionis
1170 4236 1228 4296 net,
1247 4246 1273 4287 et
1289 4234 1464 4287 affirmaritad

186 4317 187 4328 ¹
220 4304 248 4352 in
267 4303 356 4354 schola
377 4305 522 4368 catholica,
546 4322 572 4356 se
590 4305 727 4356 abhorrere
744 4307 824 4373 profi·
866 4313 1030 4374 praeceptum
1054 4303 1168 4357 caritatis
1190 4303 1382 4370 adimplendum
1402 4302 1464 4352 satis

218 4379 359 4421 tcautura
380 4372 496 4427 doctrina
525 4381 693 4435 novatorum,
719 4373 774 4424 Boii
797 4389 825 4424 ac
865 4391 919 4426 essa
937 4372 1004 4425 nibil
1020 4373 1104 4423 iacere
1121 4369 1190 4438 quod
1207 4372 1285 4422 amori
1306 4370 1352 4420 Dei
1369 4365 1463 4418 adver-

219 4438 440 4501 tansenianorum,
459 4448 512 4490 tum
530 4441 591 4507 quia
610 4449 706 4508 negant
725 4455 824 4492 omnam
864 4451 945 4492 satur.
969 4443 1026 4505 Qua
1046 4439 1078 4490 dc
1102 4455 1177 4490 causa
1200 4438 1349 4502 obiurgatus
1372 4443 1411 4486 est
1431 4450 1463 4511 pc

189 4551 190 4558 ,
219 4507 349 4555 actionem
368 4505 506 4557 humanam
524 4509 666 4558 necessario
677 4525 708 4558 ex
720 4511 825 4560 caritate
865 4509 1033 4576 poenactiam
1044 4502 1460 4568 mulctatnsasuperioribussura.

189 4573 192 4656 ',
218 4573 273 4621 sinc
287 4572 412 4622 babituali
429 4575 483 4624 sive
495 4575 588 4624 actuali
601 4591 654 4624 esse
662 4575 824 4638 eliciendam,
864 4577 906 4629 ct.
920 4574 1003 4627 Feller
1015 4575 1041 4625 in
1053 4574 1121 4624 Dico.
1136 4571 1282 4633 llislortqac.

218 4647 248 4688 ut
265 4638 335 4691 bona
348 4641 446 4692 censeri
456 4643 553 4709 possit;
575 4651 628 4693 tum
639 4643 699 4710 quia
712 4644 750 4693 uti
762 4644 823 4695 toti·
