3700 5659
726 578 820 622 creor
836 578 895 622 van.
1336 569 1347 626 l
1356 574 1374 630 o
1381 569 1391 629 1

216 695 268 738 nus
295 671 413 735 oculatis
432 681 552 753 pateat,
573 691 673 754 quae,
706 670 795 732 modo
838 669 887 731 bet
903 671 1090 749 scandalum,
1108 673 1138 734 in
1154 695 1214 755 quo
1230 686 1356 758 utroque
1376 699 1441 741 rna-

218 759 362 842 prudeoter
376 756 564 833 adhibeatur,
585 758 650 818 sine
673 763 795 835 peccato
835 754 948 816 ximum
962 755 1106 832 flagitium
1123 759 1217 836 adest,
1235 780 1270 822 ac
1284 773 1441 841 praeterea·

219 852 267 918 est,
285 841 351 922 quin
369 840 455 901 etiam
481 840 673 902 laudabiliter
695 856 795 921 quau·
836 838 962 918 turpiter
982 842 1135 918 mentitur,
1160 844 1212 922 qui
1235 844 1277 906 ita
1296 865 1328 906 se
1347 844 1441 924 perit,i

216 928 304 1006 doque
320 924 487 986 adhibetur.
835 920 904 981 dum
927 919 1007 983 aliud
1024 943 1075 985 ore
1094 933 1123 986 et
1145 927 1223 988 facto
1242 927 1279 990 ab
1295 949 1342 1004 eo,
1357 918 1443 1010 quodi

251 1009 316 1070 ill.
331 1005 377 1069 Sic
395 1006 530 1070 illusorie
561 1005 621 1084 egit
648 1025 673 1068 s.
699 1004 794 1068 lulia-
837 1003 918 1066 intus
938 1014 1028 1085 tenet,
1048 1009 1168 1072 exhibet
1186 1010 1223 1072 ad
1242 1011 1417 1076 fallendum.

220 1113 278 1169 nus,
305 1092 383 1163 dum,
402 1111 435 1152 se
450 1092 525 1152 velle
545 1091 713 1154 sacrificare
737 1091 794 1150 hn-

218 1178 327 1238 riteum
356 1176 385 1236 in
409 1177 516 1252 finem,
545 1185 579 1236 ut
598 1175 740 1254 templum
761 1192 795 1235 ac
1024 1174 1199 1223 PR01'051T10
1223 1179 1265 1223 1¹1·

216 1262 285 1322 idola
305 1259 478 1336 destrueret,
508 1268 597 1340 prout
628 1258 795 1333 intelligere
834 1259 1112 1324 Expreeceptodr'ur'no
1130 1271 1222 1316 tenetur
1239 1267 1437 1321 Cli-tatianoru-

218 1353 339 1424 poterant
352 1343 527 1404 idololatrae
546 1362 581 1404 er
596 1341 662 1403 eius
676 1360 797 1422 praece·
869 1330 923 1378 ‘'⁶'‘
937 1332 1009 1444 ‘dm'
1021 1335 1209 1448 lllmp’ffd't't'
1222 1340 1313 1398 queem
1333 1339 1378 1388 Del
1391 1343 1435 1388 ¹¹⁰·

217 1429 293 1489 dente
322 1427 486 1488 constantia
514 1445 549 1488 ac
581 1425 794 1488 miraculorum
868 1411 935 1446 ''⁰'‘
952 1412 1060 1474 mm
1074 1415 1089 1448 ¹⁴
1102 1415 1109 1448 ¹
1122 1405 1320 1465 '‘⁰¹⁰³1’⁰⁸⁶“'¹¹·

215 1510 400 1573 multitudine.
877 1509 952 1569 tte.
967 1507 1054 1572 Tales
1074 1519 1143 1572 sunt
1161 1513 1347 1575 conditiones
1363 1534 1439 1596 quas

252 1596 316 1656 lt5.
343 1594 471 1674 ldipsum
492 1593 610 1655 dicatur
626 1593 663 1655 de
681 1601 794 1674 septem
835 1591 995 1670 Argolicus
1008 1594 1112 1656 doctor
1128 1597 1282 1658 constituit
1298 1597 1336 1658 ad
1350 1619 1439 1678 prae-

217 1677 267 1739 illis
282 1678 466 1753 mulieribus,
487 1677 653 1758 dequibus
672 1684 718 1738 est
734 1695 797 1738 ser·
836 1678 1437 1762 ceptumservandumprofessionistidei,

216 1781 257 1822 mo
275 1763 302 1823 in
319 1763 391 1824 actis
408 1781 434 1823 s.
454 1761 568 1838 Blasii,
589 1780 667 1842 quae
686 1760 795 1841 deprc-
835 1760 982 1822 scribens:
994 1762 1138 1842 confiteri
1152 1765 1240 1844 fidem
1251 1784 1311 1828 non
1326 1785 1441 1846 seraper

219 1845 325 1924 hensae,
354 1847 423 1906 dum
454 1845 593 1924 martyris
621 1845 795 1922 sanguinem
836 1861 929 1924 nepae
944 1846 1188 1924 trrpcoh'hetloco
1204 1857 1245 1910 cst
1262 1851 1297 1911 dc
1311 1853 1439 1912 accressi-

216 1930 382 2008 colligerent,
393 1929 475 2009 quod
486 1939 587 1990 essent
601 1929 794 2006 christianae,
837 1929 1023 2005 toteoolotin
1039 1933 1088 1994 sed
1101 1933 1239 2011 irtotiqoo
1254 1933 1313 1998 loco
1329 1943 1357 1995 et
1368 1943 1441 1995 teni·

218 2011 549 2090 illusorielocutaesunt,
564 2013 634 2074 dum
648 2011 797 2094 petierunt
832 2030 925 2090 pore,
949 2015 1067 2090 quondo
1093 2015 1199 2078 scilicet
1223 2034 1278 2094 per
1301 2017 1438 2078 omissio-

219 2095 283 2156 idola
298 2097 393 2159 claudi
415 2098 447 2158 in
463 2116 570 2174 sacco,
592 2106 623 2158 et
640 2096 698 2158 sibi
718 2095 794 2174 dari,
837 2113 904 2156 nem
922 2097 1012 2157 holos
1034 2099 1226 2175 confessionis
1247 2101 1439 2163 sohtrohrre-

218 2198 307 2260 nempe
324 2183 359 2242 ad
378 2200 414 2243 ea
434 2180 596 2262 perdenda.
762 2187 764 2190 ’
837 2187 889 2240 tur
910 2180 1006 2241 hortor
1023 2183 1136 2244 debitos
1156 2184 1234 2258 Deo,
1256 2193 1282 2244 et
1303 2187 1391 2246 otr'om
1406 2204 1440 2246 u-

250 2264 313 2325 llb.
336 2264 420 2337 Quod
439 2273 540 2326 autem
569 2264 675 2325 attinet
694 2262 732 2324 ad
750 2263 797 2326 la·
838 2263 932 2324 tilitas
958 2265 1110 2344 propioris
1140 2267 1336 2344 inpendendo
1367 2268 1438 2347 (h);

216 2354 284 2408 ctum
307 2367 331 2410 s.
358 2348 483 2411 Eusebii
502 2347 721 2422 Vercellensis,
745 2347 798 2428 qui
839 2346 926 2426 quia,
952 2366 1018 2408 cum
1038 2349 1135 2426 agitur
1154 2349 1190 2410 de
1218 2360 1375 2432 praecepto
1392 2351 1439 2412 ns-

220 2448 336 2494 moerens
363 2441 428 2494 erat
455 2432 492 2493 de
518 2431 739 2512 subscriptione
769 2450 796 2493 s.
839 2430 998 2507 firmativo,
1020 2431 1100 2493 istud
1119 2453 1178 2494 non
1200 2435 1323 2512 obligat,
1343 2444 1375 2496 ut
1391 2456 1440 2496 ne·

221 2511 330 2595 dionysii
347 2517 468 2578 incaute
486 2515 602 2595 decepti
620 2515 657 2577 ab
672 2515 796 2592 arianis,
839 2513 967 2592 gativum
992 2515 1029 2576 ad
1048 2535 1167 2597 semper
1185 2527 1214 2580 et
1237 2537 1290 2598 pro
1309 2538 1454 2598 sempers

219 2595 313 2660 ironice
324 2610 353 2662 et
363 2620 395 2662 se
408 2599 649 2680 subscripturum
662 2598 799 2678 promisit
881 2597 955 2659 ltu.
976 2597 1038 2659 Hoc
1057 2619 1125 2661 vero
1148 2611 1337 2682 praeceptum
1359 2603 1440 2663 rnul-

220 2680 561 2759 adrersusllthanasium,
574 2681 800 2744 dummodono-
839 2679 932 2760 tiplici
946 2701 980 2742 ex
995 2683 1091 2762 capite
1109 2684 1286 2758 adstruitur,
1306 2705 1340 2746 ac
1363 2689 1391 2745 1⁰
1407 2707 1440 2746 ex

221 2782 275 2826 nen
290 2765 418 2847 Dionysii
437 2767 599 2840 deleretur,
614 2775 645 2828 ct
658 2766 722 2847 ipse
735 2766 798 2846 pri·
839 2763 947 2825 Christi
967 2765 1076 2828 verbis:
1092 2768 1151 2842 Qoi
1169 2787 1213 2830 me
1228 2770 1392 2844 errcbocrit,
1414 2780 1441 2830 ct

221 2865 274 2909 inus
293 2860 357 2912 ante
376 2852 463 2914 illum
479 2850 698 2912 subscriberet..
713 2849 799 2920 Quod
838 2865 915 2909 meos
929 2867 1099 2926 saracenos,
1121 2852 1201 2912 hrtnc
1219 2853 1316 2914 Filios
1347 2854 1443 2914 donci-

219 2949 273 2993 cum
291 2934 415 2997 libenter
433 2934 530 2996 ariani
549 2934 700 3011 fecissent,
729 2943 799 2994 tunc
838 2931 887 2992 oo
901 2933 1059 3004 crubescet,
1080 2951 1146 2996 otim
1163 2937 1276 2998 ococrr't
1294 2937 1327 2997 in
1347 2939 1441 2998 moie-

222 3012 275 3077 illos
291 3017 447 3100 increpans
463 3026 492 3079 et
510 3017 650 3094 irridens,
673 3029 706 3080 ut
728 3017 801 3078 scri·
838 3023 912 3076 stote
925 3033 982 3078 suo
994 3016 1054 3095 (3),
1072 3019 1251 3080 erubescere
1271 3028 1370 3081 autem
1389 3019 1443 3081 mi·

224 3095 256 3158 hit
267 3112 364 3164 auctor
385 3101 535 3164 sermonis
553 3099 615 3162 Llll
640 3101 697 3162 suh
725 3100 798 3161 Am·
839 3116 896 3158 nus
913 3097 1045 3176 videtur,
1067 3121 1157 3182 quam
1181 3120 1301 3180 negare,
1322 3103 1375 3164 sed
1396 3114 1443 3164 est

222 3178 296 3245 brosii
317 3187 438 3248 nomine
466 3185 595 3261 vulgati,
621 3185 676 3246 ait:
701 3186 800 3263 Nepae
840 3201 900 3243 nou
919 3184 1078 3262 confiteri,
1105 3185 1224 3266 quando
1254 3186 1363 3250 Christi
1385 3188 1443 3247 ho·

218 3281 314 3341 apeme
331 3270 606 3333 vestrisscelerihus
621 3271 732 3348 polluo,
749 3287 800 3330 ne·
842 3285 896 3326 :tor
928 3267 1125 3347 periclitatur.
1156 3269 1305 3352 idipsum
1332 3273 1443 3332 clarius

219 3354 366 3441 ocentiam
386 3373 486 3416 uocum
514 3347 717 3431 (Dionysium)
750 3371 799 3414 oo·
839 3350 937 3412 adhuc
970 3353 1116 3432 expressit
1153 3354 1220 3416 aliis
1253 3354 1369 3416 verbis:
1400 3356 1442 3418 0-
1537 3347 1546 3366 '

219 3431 310 3497 lacem
323 3439 507 3517 participare
521 3437 728 3516 permittotl).
745 3434 801 3496 Po·
839 3435 917 3495 arnis
952 3437 1128 3514 patronoque
1161 3439 1310 3518 confessos
1349 3441 1441 3522 suerit

221 3522 299 3589 terant
315 3523 447 3600 prolecto
476 3539 511 3582 ex
537 3519 677 3580 omnihus
698 3539 798 3580 rerum
839 3536 885 3578 mc
906 3536 1007 3580 coram
1027 3520 1205 3597 hominibus,
1229 3531 1255 3584 et
1273 3522 1372 3584 Filios
1389 3523 1442 3583 ho-

220 3598 348 3666 adiunctis
367 3623 565 3682 cognoscere,
587 3622 613 3663 s.
635 3601 798 3665 Eusebium
839 3602 932 3662 minis
950 3603 1139 3680 confitebitor
1156 3604 1241 3666 illum
1265 3623 1365 3666 coram
1378 3608 1443 3666 Aa·

220 3679 367 3750 haudnere
401 3689 579 3764 simulasse,
608 3705 641 3747 se
663 3688 799 3748 arianum
839 3686 912 3764 pelis
928 3685 1051 3764 Deitl).
1078 3685 1153 3747 llinc
1172 3687 1333 3767 Apostolus
1351 3685 1440 3749 Rom.

220 3781 283 3845 esse,
304 3781 355 3833 aut
369 3772 435 3833 lieri
456 3773 543 3832 velle.
840 3787 869 3844 r,
890 3769 941 3830 lo:
966 3769 1076 3846 Corde,
1107 3770 1224 3850 inquit,
1243 3773 1377 3834 creditur
1403 3774 1443 3834 od
1517 3776 1520 3783 '

251 3852 315 3915 tlt.
328 3856 379 3931 ,hd
391 3856 423 3918 2.
435 3859 473 3919 l).
492 3855 609 3918 Falsam
624 3853 800 3930 religionem
840 3852 999 3930 iustitiam,
1014 3871 1064 3915 ore
1081 3863 1180 3916 cotem
1194 3856 1337 3932 consessio
1351 3857 1382 3934 pit
1403 3858 1442 3920 cd

220 3947 266 3993 uon
280 3940 432 4016 profitetur
449 3938 562 4016 animo,
585 3940 634 4013 G.;
655 3939 745 4016 lacto,
759 3939 798 4000 N.
840 3938 977 3998 salutem.
998 3935 1059 3997 lam
1075 3956 1144 3998 vero
1160 3938 1323 4015 interrogat
1337 3941 1442 4016 Augu-

222 4011 310 4082 Prmm
326 4041 394 4084 vero
417 4023 528 4099 refert,
547 4021 628 4102 quod
643 4021 754 4102 aliquis
768 4022 799 4082 in
840 4020 950 4080 stinus:
971 4020 1048 4094 Quid
1057 4024 1176 4100 prodest
1196 4025 1283 4085 corde
1300 4025 1443 4085 credidis·

219 4102 294 4163 corde
311 4125 366 4167 suo
381 4106 469 4168 tidem
493 4115 605 4180 servet,
626 4105 650 4166 si
670 4107 800 4166 exterius
839 4121 870 4164 se
886 4104 926 4165 od
945 4104 1102 4182 iustitiam,
1122 4107 1149 4167 si
1178 4124 1209 4167 os
1230 4107 1345 4168 dubitet
1367 4124 1457 4185 pro-t

220 4197 273 4243 mm
282 4189 375 4264 prodit
386 4209 440 4270 per
455 4191 549 4252 salsae
560 4189 715 4266 religionis
733 4208 802 4270 pro·
839 4190 931 4268 ferre,
949 4189 1026 4264 onoc
1041 4191 1128 4250 corde
1147 4199 1315 4268 conceptum
1328 4201 1367 4252 est
1378 4191 1443 4268 (ott

220 4262 374 4353 fossionem.
393 4273 455 4334 llac
473 4275 552 4335 enim
572 4273 688 4334 ratione
706 4273 799 4334 Deum
840 4271 911 4332 etin
932 4269 980 4330 rs.
999 4287 1067 4331 cxv:
1082 4273 1148 4333 Non
1163 4275 1288 4354 perferte
1301 4276 1436 4346 credent,

222 4349 376 4433 inhonorat,
396 4366 426 4419 et
443 4358 578 4439 prosimu
600 4375 688 4434 grave
709 4376 799 4438 prae·
840 4355 909 4436 poi,
929 4355 1005 4432 qnod
1020 4357 1161 4431 credunt,
1183 4358 1262 4434 topm'
1279 4358 1397 4428 rtotnnt,¹
1413 4371 1444 4416 et

247 4497 278 4562 (l)
294 4501 330 4553 De
342 4514 445 4556 auctore
462 4506 640 4572 antiquissimo
656 4505 735 4557 huius
746 4522 800 4556 ser·
873 4502 911 4571 (Ξ)
929 4504 962 4565 ll,
981 4509 1007 4568 Ξ,
1022 4522 1049 4572 q.
1066 4509 1092 4566 5,
1106 4513 1155 4554 ort.
1168 4509 1192 4556 2.

193 4630 194 4635 1
219 4568 287 4614 utoiiis
308 4571 440 4624 Ambrosio
463 4572 606 4640 adscripti,
630 4574 664 4625 cl.
688 4572 800 4624 editores
871 4573 910 4638 (5)
930 4572 991 4624 Luc.
1011 4572 1112 4630 ritmo.

221 4624 331 4709 thurinos
352 4641 378 4690 iu
396 4641 557 4709 appendice,
575 4658 650 4693 serm.
670 4645 713 4703 56,
738 4657 797 4708 pag.
872 4640 910 4706 (t)
931 4639 995 4690 lhid.
1011 4639 1070 4696 llll,
1088 4641 1115 4690 8.

220 4695 259 4746 ”⁸9
872 4707 910 4776 (o)
929 4711 1012 4758 Setun.
1026 4711 1085 4768 279,
1104 4723 1130 4755 u.
1145 4709 1170 4757 6.
