3700 5659
800 497 893 544 carur
910 499 941 545 v.
1390 495 1453 559 255
1567 551 1570 561 ,

287 595 364 658 Ὴθ.
385 589 430 654 lld
448 591 479 652 2.
500 591 538 653 D.
562 589 594 652 S.
615 589 785 652 Bernardus
803 591 850 652 al·
892 600 977 672 cepta
993 591 1139 671 decalogi,
1156 594 1227 676 quia
1244 595 1275 658 in
1290 601 1431 666 omnibus
1448 605 1495 670 in·

244 679 358 754 firmat,
376 694 436 738 uon
456 692 522 736 esse
542 673 642 736 datum
659 683 849 756 praeceptum
892 675 1055 738 cluduntur
1072 677 1133 757 (l).
1155 678 1244 756 Ergo.

244 763 281 822 de
312 761 438 824 caritate
463 775 538 839 pure
569 758 703 820 affectiva
732 757 763 819 in
790 759 849 837 uia,
934 759 1008 821 245.
1031 759 1121 841 Resp.
1141 761 1179 824 ad
1197 765 1227 822 l.
1247 764 1286 826 D.
1306 764 1339 827 ld
1358 779 1417 848 est,
1439 791 1491 834 ex-

246 843 349 925 qualis
363 861 424 904 non
440 841 498 902 nisi
515 841 546 902 in
560 840 655 922 patria
671 839 777 903 haberi
787 851 853 923 pot·
892 841 985 904 cludit
1006 862 1032 905 s.
1053 843 1157 905 doctor
1178 864 1247 908 eum
1263 846 1405 927 diligendi
1423 874 1491 918 mo-

244 937 305 1005 ast,
324 927 376 1003 G.;
396 926 512 988 nullum
528 943 595 986 esse
611 925 712 987 datum
727 944 852 1006 praece·
891 923 962 987 dum
983 946 1000 988 a
1021 927 1198 1013 uiatoribus,
1218 930 1270 1009 qui
1288 943 1333 994 est
1351 938 1491 1017 proprius

245 1019 333 1091 ptum
353 1009 390 1071 de
413 1027 516 1070 amore
534 1008 651 1070 interno
670 1007 722 1088 qui
745 1008 853 1072 debeat
891 1010 984 1072 solius
1012 1011 1145 1092 patriae,
1169 1013 1219 1088 C.;
1244 1015 1373 1078 excludit
1403 1021 1488 1085 illum
1520 1084 1525 1091 ,

244 1093 379 1155 transire
395 1091 427 1154 in
447 1100 566 1170 actum,
587 1093 626 1156 N.
648 1089 754 1154 Subdit
771 1093 850 1156 enim
891 1093 1121 1172 modum,cuius
1132 1094 1261 1158 viatores
1272 1107 1342 1160 sunt
1352 1119 1487 1184 capaces,

242 1177 362 1239 ibidem
378 1195 410 1237 n.
425 1175 460 1238 3:
476 1177 577 1255 Neque
589 1176 642 1238 looc
654 1177 729 1252 dico,
741 1178 853 1240 utrina
890 1177 930 1239 N.
950 1177 1065 1239 Etenim
1086 1197 1122 1240 eo
1141 1177 1218 1259 ipso,
1235 1181 1316 1261 quod
1330 1191 1441 1249 statuat
1457 1189 1503 1250 in·

240 1261 401 1341 offertione
411 1261 516 1338 umus,
533 1267 560 1322 et
574 1261 661 1323 corde
675 1260 761 1324 arido
776 1263 852 1324 solos
890 1259 996 1322 codem
1009 1261 1135 1323 articulo
1147 1271 1246 1324 actum
1258 1264 1428 1331 dilectionis
1440 1290 1489 1335 ca·

238 1362 417 1406 moveamus
439 1361 549 1405 mortus
573 1344 612 1406 ad
634 1361 717 1422 opus.
746 1342 851 1425 ltaque
889 1343 960 1405 dere
982 1345 1038 1406 sub
1068 1354 1245 1427 praecepto,
1265 1348 1379 1429 aliquid
1407 1363 1487 1418 certe

240 1428 328 1489 illam
348 1427 444 1488 solam
460 1426 612 1488 caritatem
627 1426 658 1486 in
673 1428 781 1488 affectu
800 1428 849 1488 in·
888 1417 1035 1509 reciperet
1046 1437 1149 1490 contra
1159 1428 1348 1494 dilectionem
1360 1432 1486 1518 Dei,qui

240 1511 371 1589 telligit,
392 1528 469 1590 quae
490 1509 701 1572 ardentissima
727 1519 756 1572 ct
774 1530 848 1573 sua·
888 1509 968 1572 bunc
988 1521 1087 1574 actum
1105 1512 1137 1573 in
1159 1512 1267 1576 debitis
1285 1515 1432 1581 adiunctis
1450 1541 1486 1584 o-

239 1595 367 1656 vissima
382 1593 545 1654 constituet
560 1593 775 1656 beatitudinem
790 1595 849 1657 ele·
888 1594 1029 1657 mitteret.

239 1687 374 1754 ctorum,
395 1695 523 1756 eamque
538 1685 627 1753 negat
644 1676 754 1756 iuberi,
777 1680 848 1758 quia
929 1677 1004 1755 le.
1019 1678 1260 1742 condicimus:
1277 1681 1355 1761 Ergo
1367 1702 1393 1744 s.
1407 1683 1487 1748 Tho-

238 1761 271 1820 in
292 1761 350 1822 bac
367 1760 427 1821 vita
443 1759 549 1822 baberi
566 1779 626 1821 uon
645 1769 753 1840 potest.
771 1760 846 1824 Hinc
886 1780 951 1822 mas
978 1762 1111 1838 agnoscit
1129 1765 1340 1827 necessitatem
1360 1770 1486 1832 actualis

239 1843 396 1906 concludit
416 1863 447 1904 n.
471 1845 507 1905 l:
532 1845 616 1924 Erpa
639 1845 693 1906 otto
716 1843 845 1925 (caritas
886 1854 985 1907 motus
1004 1846 1035 1906 in
1057 1846 1150 1908 Deum
1171 1846 1201 1906 id
1223 1856 1268 1910 est
1284 1850 1411 1911 actualis
1436 1851 1484 1914 di-

239 1927 360 2008 operis)
381 1928 545 1990 mandatur
563 1929 602 1990 ud
616 1928 769 2002 moritum,
789 1931 845 1993 isto
884 1928 1034 1990 lectionis.
1059 1928 1207 1999 Quorsum
1227 1930 1307 1992 enim
1325 1933 1415 1994 homo
1435 1934 1484 1996 in-

238 2011 368 2090 (caritas
382 2010 616 2091 pureaffectiva)
632 2012 664 2072 in
674 2014 843 2091 proemium
884 2011 1002 2073 ducitur
1026 2013 1063 2073 ad
1090 2013 1267 2093 temporalia
1293 2014 1481 2097 dimittenda,

236 2098 345 2157 dotus.
883 2094 942 2156 nisi
961 2105 994 2156 ut
1015 2095 1133 2156 animus
1152 2113 1254 2157 eorum
1270 2098 1378 2160 affectu
1395 2102 1481 2161 solu-

282 2177 358 2239 Μ.
378 2175 429 2240 111.
453 2173 520 2240 Obi.
541 2174 571 2238 S.
589 2176 719 2240 Thomas
730 2179 841 2259 passim
882 2185 930 2240 tus
944 2178 1062 2240 facilius
1073 2178 1111 2239 ad
1126 2178 1218 2241 Deum
1231 2189 1379 2260 assurgat,
1393 2183 1483 2264 eique
1512 2193 1517 2198 ’

237 2261 339 2338 docet,
366 2263 396 2322 1⁰
413 2261 563 2342 pertinere
586 2261 707 2342 quidem
725 2261 762 2324 ad
776 2281 842 2342 per·
882 2261 1016 2323 tenacius
1035 2261 1213 2324 inhaereat?

236 2345 400 2407 sectionem
420 2344 550 2424 patriae,
570 2353 604 2406 ut
630 2364 683 2406 cor
710 2345 841 2408 bominis
923 2344 997 2406 Μ.
1021 2345 1065 2406 nd
1089 2347 1119 2406 3.
1144 2347 1182 2407 D.
1202 2344 1309 2424 Docet,
1329 2365 1389 2408 non
1409 2367 1481 2429 pec-

236 2448 360 2509 semper
378 2429 534 2491 octooliter
552 2427 590 2489 ad
605 2426 697 2492 Deum
715 2429 838 2509 seratur,
881 2446 950 2490 care
967 2427 1233 2506 mortalitereum,
1253 2429 1380 2509 quinon
1396 2450 1481 2494 asse·

236 2513 274 2573 ad
295 2511 510 2592 perlectionem
527 2530 597 2574 vero
612 2511 676 2574 viae
691 2513 838 2591 sufficere,
880 2512 985 2590 quitur
1015 2513 1104 2592 fiarent
1132 2512 1282 2593 praecepti
1312 2513 1480 2578 dilectionis

235 2603 270 2656 ut
284 2597 399 2657 seratur
413 2595 444 2656 in
462 2593 557 2656 Deum
576 2597 778 2670 babituolt'ter,
796 2598 841 2657 ni·
879 2594 945 2672 Dei,
968 2596 1018 2672 G.;
1039 2596 1090 2676 qui
1110 2597 1215 2656 saltem
1235 2614 1295 2656 non
1318 2598 1482 2660 connititur

234 2678 278 2739 bil
307 2678 479 2758 recipiendo
499 2687 603 2740 contra
628 2678 681 2740 Dei
700 2677 839 2740 dilectio·
879 2696 949 2738 eum
975 2678 1115 2758 assequi,
1135 2680 1173 2741 N.
1195 2677 1276 2739 Mens
1300 2680 1394 2740 sancti
1424 2682 1480 2742 do-

234 2781 306 2824 nem
328 2762 388 2842 (l).
403 2761 434 2822 2⁰
448 2761 540 2824 Docet
558 2761 770 2842 perlectionem
786 2781 838 2824 ca·
879 2761 970 2821 ctoris
998 2769 1060 2839 est,
1082 2779 1141 2821 non
1169 2779 1294 2840 peccare
1316 2780 1404 2840 eum,
1426 2765 1479 2844 qui

234 2845 336 2907 ritatis
348 2845 436 2908 sitam
453 2863 518 2906 esse
534 2845 564 2906 in
580 2864 628 2924 eo,
642 2845 723 2926 quod
734 2845 836 2923 bomo,
879 2842 1048 2904 dilectionis
1075 2851 1267 2924 praeceptum
1293 2863 1354 2905 non
1377 2845 1482 2926 implet

234 2937 384 3008 quantum
413 2929 478 2990 lieri
501 2936 613 3009 potest,
635 2928 788 2990 abstrahat
806 2948 838 2991 se
878 2925 909 2985 in
930 2927 987 2988 bac
1004 2927 1064 2988 vita
1081 2945 1117 2988 eo
1135 2926 1225 2986 modo
1248 2927 1398 3008 perlecto,
1420 2947 1479 3008 quo

233 3011 364 3074 arebus
386 3011 600 3092 temporalibus
618 3012 708 3074 etiam
733 3011 836 3088 licitis,
878 3010 1025 3088 pertingat
1053 3009 1091 3070 ad
1119 3009 1209 3070 finem
1233 3009 1404 3091 praecepti;
1425 3013 1477 3091 qui

234 3114 315 3174 quae
335 3095 507 3175 occupando
523 3095 656 3156 aninlum
671 3095 839 3176 impediunt
878 3092 946 3154 sinis
965 3101 1022 3172 est,
1039 3100 1073 3154 ut
1086 3093 1176 3154 homo
1192 3092 1323 3155 totaliter
1337 3093 1398 3156 Deo
1413 3113 1481 3156 con-

233 3178 385 3240 actualem
397 3185 513 3240 motum
525 3178 624 3240 cordis
634 3177 664 3238 in
673 3177 835 3259 Deumffl).
877 3175 1033 3255 iungatur3
1056 3176 1109 3238 sed
1128 3176 1484 3258 unusquisquedilectio·

234 3262 266 3321 3ο
289 3261 396 3338 Docet,
419 3280 486 3323 eum
508 3261 560 3342 qui
578 3269 768 3343 praeceptum
789 3263 837 3324 di·
878 3259 926 3320 nis
945 3270 1104 3341 praecepto
1122 3267 1241 3323 tenetur
1258 3279 1295 3322 eo
1314 3261 1402 3323 modo
1422 3261 1482 3324 im-

233 3343 375 3406 lectionis
389 3345 421 3405 in
437 3344 493 3406 bac
505 3345 564 3408 vita
576 3364 635 3406 non
647 3345 762 3425 implet,
777 3366 838 3408 non
878 3343 1024 3423 perlecto,
1042 3363 1102 3424 quo
1117 3352 1227 3425 potest,
1247 3362 1286 3405 ne
1301 3344 1417 3407 scilicet
1430 3364 1482 3407 re-

234 3447 362 3507 peccare
381 3428 558 3505 mortaliter,
575 3429 838 3498 modonihilcon-
878 3426 964 3487 cedat
991 3428 1030 3489 ab
1060 3428 1165 3488 ordine
1195 3427 1233 3488 ad
1263 3429 1365 3489 linem.
1393 3427 1482 3490 Addit

233 3520 279 3574 tra
302 3511 379 3572 illud
398 3519 476 3588 agat,
496 3511 602 3574 eadem
619 3512 706 3591 plane
721 3513 837 3574 ratione
878 3518 1036 3589 propterea
1054 3529 1080 3570 s.
1105 3509 1247 3585 Thomas,
1269 3528 1305 3570 eo
1321 3510 1482 3590 perfectius

234 3614 293 3674 qua
325 3593 412 3656 miles
436 3613 496 3656 non
515 3595 669 3676 culpatur,
689 3594 760 3656 licat
778 3615 837 3656 non
879 3591 937 3652 hoc
952 3600 1142 3672 praeceptum
1162 3591 1333 3653 dilectionis
1348 3592 1478 3672 impleri,

232 3677 835 3759 vincat,dummodolegitimepugnett3).
878 3683 990 3754 quanto
1000 3675 1093 3751 magis
1107 3674 1175 3755 quis
1187 3674 1301 3736 accedit
1312 3693 1366 3756 per
1377 3694 1482 3755 quarn·

232 3762 265 3821 D
279 3761 343 3822 lmo
355 3760 455 3839 tradit,
469 3770 627 3842 praecepta
636 3760 769 3824 caritatis
778 3781 838 3826 non
878 3757 945 3819 dam
964 3757 1191 3820 similitudinem
1210 3758 1248 3820 ad
1265 3758 1478 3839 perlectionem

233 3843 381 3907 debuisse
405 3843 635 3908 commemorari
652 3843 731 3906 inter
748 3863 836 3927 prae·
877 3841 992 3921 patriae
1009 3843 1070 3922 (5).

232 4009 276 4058 ¹8.
291 4006 332 4059 Cl.
351 4005 428 4058 etlam
445 4023 466 4058 s.
484 4007 576 4060 Tbcm.
597 4009 646 4060 loc.
664 4007 709 4058 cit.
732 4015 779 4058 art.
804 4011 836 4070 5,
911 4005 949 4074 (b)
966 4005 1064 4058 iurarit
1086 4004 1165 4056 verba
1184 4006 1237 4074 ipsa
1254 4021 1276 4058 e.
1298 4003 1417 4056 Doctorie
1437 4006 1479 4058 bie

229 4074 278 4124 ubi
303 4074 410 4124 scribit·
430 4074 590 4138 Praeceptum
605 4080 635 4126 de
655 4076 776 4140 dillpendo
798 4079 837 4125 dt·
876 4089 994 4139 ponere,
1021 4080 1110 4140 utpote
1128 4089 1194 4139 quae
1217 4089 1271 4124 rem
1289 4073 1355 4122 bruc
1374 4072 1482 4125 mirilico

228 4147 298 4192 citur
315 4158 364 4192 eoae
386 4145 463 4192 tutelo
479 4145 609 4206 penerolle,
623 4146 681 4205 quio
699 4147 730 4192 cd
744 4146 787 4193 boc
798 4159 837 4192 re·
877 4141 1031 4207 explanent:
1048 4161 1059 4185 ι
1075 4139 1245 4207 Praeceptum
1257 4139 1362 4207 aliquod
1375 4143 1385 4208 (
1398 4141 1483 4207 iuquit

229 4213 517 4260 ducunturomm'ootto
538 4210 745 4272 praeceptorium
762 4213 837 4271 odfi-
876 4216 927 4258 art.
950 4209 982 4275 6)
1007 4206 1148 4274 dupliciter
1174 4216 1257 4275 potest
1283 4207 1401 4274 impleri:
1429 4224 1481 4259 uno

228 4293 298 4336 nem,
311 4280 443 4326 secondum
454 4275 594 4328 illecebrat
606 4276 671 4328 Tim.
683 4275 748 4328 tt:
768 4275 839 4329 Finis
876 4273 950 4325 modo
980 4276 1115 4343 perfecte,
1142 4273 1193 4326 alio
1222 4272 1297 4325 modo
1320 4273 1479 4340 imperfecte.

226 4348 354 4407 praecepti
366 4347 458 4394 coritae
467 4348 511 4394 eat.
875 4342 993 4394 Perfecto
1023 4341 1127 4411 quidem
1160 4341 1285 4458 impletur
1313 4348 1478 4408 praeceptum

280 4414 288 4458 t
319 4409 488 4478 lt,a,q.tt‚
508 4419 558 4462 art.
577 4414 609 4473 tt,
627 4415 694 4462 Μ.
874 4408 978 4476 quaudo
1008 4409 1189 4476 peruenitura
1234 4408 1309 4458 finem
1342 4422 1418 4473 quem
1437 4407 1479 4456 in·

277 4480 293 4526 2
324 4475 388 4527 lbid.
402 4485 452 4528 art.
470 4481 496 4528 5.
876 4476 959 4527 tendit
976 4477 1155 4544 praecipieus3
1173 4475 1295 4541 impletur
1312 4483 1417 4534 autem,
1433 4473 1479 4523 sed

265 4545 293 4608 (5
318 4542 549 4595 lundamoada.
875 4543 1041 4611 imperfecte,
1060 4540 1183 4610 quando,
1211 4543 1257 4592 etsi
1282 4556 1332 4590 non
1351 4542 1481 4607 pertinget

264 4611 305 4680 (to)
322 4611 389 4664 Μ.
400 4620 449 4664 art.
463 4615 476 4662 7
491 4610 521 4662 ad
534 4615 561 4663 5.
874 4610 906 4660 ad
924 4611 1002 4662 tinem
1020 4611 1216 4681 praecipientis,
1233 4624 1284 4660 nou
1303 4616 1389 4659 tamen
1407 4623 1478 4659 rcoe·
