3700 5659
434 493 494 558 toa
962 505 1001 550 nr
1019 505 1072 550 ses

392 614 545 681 nostrum,
565 619 656 682 quam
669 599 812 662 timemus
826 599 866 662 ob
877 600 995 682 culpam
1037 607 1222 681 permaneat,
1238 620 1272 662 ac
1288 603 1501 666 tautummodo
1513 609 1622 692 perlida

391 691 542 754 amittere.
566 689 667 750 Timor
684 688 789 763 enim,
813 694 846 747 ut
865 686 998 766 loquitur
1037 686 1107 746 tur?
1127 685 1181 748 Cui
1200 687 1367 767 quaestioni
1391 699 1429 751 ut
1448 692 1580 768 satisfiat,
1596 717 1621 757 o

391 795 418 838 s.
436 773 580 847 Tlromas,
600 789 639 834 ea
656 787 758 833 umore
783 771 919 832 noscitur
932 770 994 849 (t).
1037 778 1133 850 portet
1148 769 1177 830 iu
1198 770 1302 851 primis
1317 772 1510 852 distinguere
1524 778 1619 859 uarios,

391 859 429 922 Et
446 877 472 920 s.
491 856 692 932 Augustinus:
708 855 794 918 Nulli
805 855 930 917 ortorum
940 862 994 931 est,
1036 872 1112 934 quos
1134 855 1343 918 recensuimus
1367 857 1496 920 timoris
1517 863 1620 941 modos,

390 943 508 1006 urrllom
524 941 617 1002 ulium
630 956 692 1002 erse
703 940 852 1000 metuendi
862 956 994 1015 cuusom,
1037 957 1142 1019 nempe
1162 938 1279 1001 timoris
1310 941 1482 1020 mundani,
1505 945 1619 1027 servilis,

389 1027 450 1090 rtlst‘
466 1027 498 1088 td
515 1026 592 1103 quod
609 1041 745 1086 omonttta
760 1024 821 1103 (d).
838 1021 896 1084 Sed
912 1041 997 1084 amor
1035 1022 1135 1083 filialis
1154 1030 1184 1083 cl
1202 1023 1337 1085 initialis.

391 1130 452 1194 quo
472 1107 686 1172 beatitudinem
706 1107 885 1188 appetimus,
907 1116 997 1188 prout
1080 1106 1151 1168 tta.
1168 1103 1198 1168 Si
1213 1126 1313 1169 sermo
1326 1108 1366 1170 sit
1379 1108 1421 1170 de
1436 1108 1548 1172 timore
1558 1131 1622 1176 mun

392 1206 438 1258 est
456 1194 569 1256 bonum
588 1203 618 1254 et
632 1192 823 1252 commodum
845 1199 993 1267 nostrum,
1035 1188 1124 1267 dano,
1145 1200 1258 1252 certum
1278 1201 1324 1254 est
1345 1212 1381 1254 ex
1414 1192 1525 1270 dictis,
1544 1196 1619 1277 ipsum

392 1288 439 1342 est
455 1296 541 1340 amor
557 1277 634 1358 spei.
652 1276 729 1352 Ergo
748 1275 839 1336 timor
860 1274 941 1336 illam
959 1295 994 1336 a·
1034 1274 1141 1354 expelli
1160 1295 1178 1336 a
1205 1276 1351 1353 caritate,
1380 1295 1457 1338 cum
1493 1297 1551 1358 qua
1566 1299 1620 1342 con-

392 1361 529 1426 mittendi
547 1381 582 1424 ex
596 1379 648 1441 spc
667 1359 801 1441 procedit
813 1358 851 1422 ad
867 1377 995 1439 eamque
1034 1359 1140 1421 sistere
1154 1361 1269 1439 nequit.
1291 1359 1371 1422 ldem
1406 1360 1461 1422 dic
1482 1360 1519 1424 de
1537 1363 1628 1436 timore,

391 1448 530 1510 uirtutem
550 1452 674 1526 spectat.
1034 1443 1182 1504 serviliter
1198 1444 1310 1505 servili.

437 1533 508 1592 139.
545 1530 645 1590 Altera
675 1543 748 1588 vero
782 1526 996 1608 propositionis
1078 1527 1150 1588 tt3.
1181 1525 1211 1588 Si
1238 1546 1307 1590 vero
1335 1536 1449 1604 agatur
1478 1529 1516 1591 de
1537 1531 1619 1595 tinore

394 1633 463 1695 pars
481 1609 570 1674 laolle
587 1611 765 1674 ostenditur.
784 1610 857 1672 Nam
874 1613 925 1673 ille
940 1614 996 1672 bu·
1036 1611 1212 1691 simpliciter
1230 1611 1353 1686 seruili,
1382 1613 1416 1674 iu
1436 1632 1476 1676 eo
1499 1613 1555 1674 duo
1570 1628 1620 1678 sunt

394 1717 451 1760 uus
466 1715 501 1760 ac
520 1698 664 1758 honestus
679 1696 924 1758 tirnordicendus
938 1704 994 1772 est,
1036 1695 1262 1774 distinguenda:
1293 1695 1457 1773 anxietas,
1489 1701 1619 1778 quamgi-

396 1782 447 1862 qui
471 1800 506 1842 er
528 1781 638 1842 virtute
666 1779 820 1860 procedit,
852 1789 882 1841 et
911 1780 997 1841 cuius
1036 1797 1127 1854 gnere
1142 1780 1219 1842 solet
1237 1779 1285 1839 lric
1303 1780 1406 1857 timor,
1429 1790 1463 1842 et
1477 1781 1619 1845 substantia

394 1865 545 1928 obiectum
567 1866 676 1926 bonum
697 1873 743 1925 est
768 1885 801 1926 ac
823 1864 994 1925 honestum.
1037 1863 1133 1943 ipsius
1151 1863 1278 1924 timoris.
1311 1862 1419 1934 Quoad
1444 1865 1617 1943 anxietatem,

395 1947 477 2010 Talis
496 1967 584 2030 porro
604 1957 649 2010 est
667 1956 753 2009 actus
768 1948 884 2009 timoris
900 1948 998 2008 servi·
1038 1956 1191 2010 crescente
1212 1947 1347 2024 caritate,
1380 1947 1561 2028 pedetentim
1577 1952 1618 2010 im-

394 2033 445 2109 lis,
466 2043 499 2094 ut
516 2041 633 2094 constat
647 2050 681 2094 er
701 2032 799 2093 dictis.
822 2031 1000 2093 [lituanate-
1039 2031 1206 2107 mittuitur,
1244 2031 1339 2092 donec
1371 2032 1439 2094 lere
1468 2043 1617 2109 evanescat;

395 2117 457 2178 nint
480 2117 652 2178 immediate
674 2134 709 2177 ea
728 2134 830 2178 amore
846 2116 921 2196 spei,
943 2117 999 2176 ha·
1039 2133 1107 2174 num
1126 2123 1278 2176 crescente
1297 2114 1438 2191 caritate,
1452 2117 1617 2196 crescitspes

396 2200 506 2281 ltetque
526 2219 579 2281 pro
606 2201 724 2261 obiecto
751 2200 925 2261 immediato
950 2200 1000 2260 lu·
1039 2208 1069 2258 et
1086 2198 1195 2260 liducia
1217 2198 1247 2258 iu
1267 2199 1375 2274 lleum,
1395 2200 1530 2280 ideoque
1545 2201 1618 2261 itnmi·

395 2304 462 2362 grim
484 2286 612 2364 culpae,
642 2302 677 2344 ex
696 2303 755 2364 qua
783 2283 904 2344 amissio
924 2303 999 2364 pen·
1041 2283 1143 2342 nuitur
1161 2283 1294 2344 anxietas
1312 2294 1341 2345 et
1359 2283 1535 2346 sollicitudo
1554 2284 1616 2344 dea·

398 2369 448 2430 det
466 2369 604 2448 propriae
624 2366 835 2443 beatitudinis,
853 2367 889 2428 ad
909 2387 999 2447 quam
1041 2367 1183 2428 missione
1203 2368 1340 2447 propriae
1353 2369 1478 2444 salutis,
1497 2368 1618 2447 quanin

398 2451 488 2512 honio
505 2451 680 2511 naturaliter
693 2451 797 2526 tendit,
814 2459 844 2511 et
857 2451 894 2511 ad
909 2469 999 2530 quam
1040 2451 1116 2526 gerit
1130 2451 1219 2512 timor
1232 2451 1359 2512 seruilis.
1382 2450 1492 2524 Quoad
1509 2453 1617 2512 substan

400 2534 671 2616 supernaturaliter
697 2553 750 2616 per
767 2534 853 2595 fidem
876 2544 906 2596 et
931 2553 1000 2611 gra·
1042 2535 1112 2595 tiam
1129 2553 1210 2610 tero,
1226 2545 1380 2596 crescente
1393 2536 1530 2605 caritate,
1544 2533 1616 2594 immi

399 2621 471 2682 timu
489 2619 620 2680 directus
638 2626 694 2678 est.
714 2617 802 2694 Ergo.
1042 2619 1145 2678 nuitur
1159 2618 1280 2698 qtridem
1298 2621 1463 2696 servilitas,
1483 2619 1616 2680 donecea·

445 2704 517 2764 tto.
535 2701 594 2763 Nec
612 2700 709 2779 obest,
731 2702 811 2782 quod
830 2701 921 2764 timor
934 2702 1003 2763 sim·
1042 2701 1109 2762 dem
1128 2703 1271 2779 tollatur,
1303 2713 1333 2769 et
1358 2704 1469 2766 evadat
1488 2704 1567 2763 timor
1579 2719 1615 2760 u·

400 2787 519 2870 pliciter
537 2785 670 2862 servilis,
692 2805 726 2846 ac
746 2786 835 2847 timor
855 2787 1004 2848 serviliter
1043 2795 1128 2861 stus,
1151 2795 1183 2847 ut
1210 2787 1344 2866 loquitur
1364 2807 1392 2849 s.
1424 2787 1550 2848 Thomas
1565 2785 1613 2863 (ὓς

400 2871 604 2934 servilisinter
617 2889 650 2932 se
665 2871 858 2944 conveniant,
871 2870 1004 2954 euffrod
1043 2879 1174 2930 attamen
1194 2879 1295 2932 manet
1318 2890 1388 2932 cum
1406 2872 1547 2943 caritate;
1567 2885 1613 2927 nan

404 2956 535 3017 habeant
556 2973 608 3036 pro
626 2954 745 3016 obiectu
764 2973 902 3035 poenam.
930 2955 1002 3016 llam
1044 2953 1176 3034 separari
1196 2973 1213 3014 a
1233 2953 1292 3015 [leo
1310 2965 1355 3015 est
1370 2955 1518 3034 quaedam
1534 2969 1613 3032 poem,

403 3039 474 3100 licet
492 3039 642 3100 obiectum
662 3040 817 3101 materiola
835 3039 957 3119 utrique
969 3039 1005 3099 ti·
1045 3051 1134 3116 quarn
1164 3037 1273 3098 caritas
1300 3039 1431 3101 inarime
1464 3035 1576 3114 relugit;
1595 3040 1615 3092 et

402 3123 478 3184 mori
495 3141 655 3183 corrrurune
673 3123 731 3197 sit,
752 3123 866 3184 scilicet
885 3143 1002 3203 poena;
1045 3121 1104 3181 suh
1122 3123 1179 3182 hoc
1198 3132 1333 3202 respectu
1351 3122 1412 3183 dici
1434 3131 1538 3202 potest,
1555 3118 1614 3179 eius·

404 3205 1006 3268 attameusubrationelormalisubstau-
1046 3205 1126 3266 modi
1160 3206 1296 3267 timorem
1327 3203 1615 3286 qrrodammodoore·

405 3289 517 3349 tialiter
531 3307 565 3350 ao
581 3289 781 3349 essentialiter
799 3289 877 3350 inter
894 3309 926 3350 se
944 3289 1004 3350 dil·
1045 3308 1140 3365 scere,
1161 3299 1313 3351 crescente
1329 3291 1472 3365 caritate,
1492 3306 1553 3350 cum
1568 3302 1614 3344 mt-

403 3372 526 3449 leruut,
548 3391 616 3434 oum
636 3373 712 3432 alter
740 3381 853 3453 spectet
877 3391 1003 3454 poeuam
1045 3373 1090 3449 gis
1108 3375 1225 3454 culpam
1241 3375 1356 3436 liment.
1380 3372 1486 3445 Quoad
1506 3373 1614 3433 timorem

405 3467 437 3518 ut
454 3475 605 3518 summum
626 3457 749 3532 malum,
770 3456 851 3537 quod
869 3475 928 3518 non
947 3467 1003 3534 est,
1046 3457 1179 3524 filialem,
1193 3457 1399 3538 proculdubio
1418 3457 1560 3520 acaritate
1572 3466 1612 3510 nou

363 3591 368 3596 .
403 3559 457 3604 seu
478 3561 603 3622 poenam
619 3540 649 3602 in
667 3561 720 3616 se;
744 3542 821 3603 alter
838 3559 907 3602 tero
934 3561 1005 3622 spe·
1046 3541 1180 3616 tollitur,
1214 3541 1267 3602 sed
1297 3533 1613 3623 perterritionem

404 3635 465 3688 ctat
483 3645 634 3688 summum
652 3625 780 3700 malum,
801 3635 890 3707 prout
904 3645 1007 3688 revera
1045 3625 1114 3705 quis
1127 3625 1256 3705 amplius
1268 3625 1360 3687 Deum
1376 3626 1484 3701 diligit,
1500 3642 1532 3685 eo
1547 3617 1611 3680 elau

404 3718 462 3785 est,
482 3711 597 3772 scilicet
613 3711 745 3792 culpam,
765 3729 842 3790 quae
857 3720 903 3772 est
916 3731 1007 3772 causa
1047 3709 1141 3785 rrtagis
1159 3711 1244 3771 timet
1255 3728 1324 3772 eum
1341 3711 1502 3772 ollendere.
1517 3702 1564 3775 Qui
1576 3716 1613 3791 att·

404 3793 476 3856 mali
489 3813 621 3876 poenae;
640 3795 777 3874 adeoque
792 3795 868 3856 alter
880 3804 927 3855 est
941 3813 1008 3874 per·
1048 3802 1108 3857 tem
1127 3793 1225 3854 adhuc
1244 3794 1437 3874 imperfectus
1451 3801 1495 3855 est
1514 3789 1540 3849 in
1555 3799 1612 3878 cott-

403 3895 531 3953 uersus,
563 3880 640 3940 alter
671 3889 771 3941 autem
794 3878 951 3942 ordinatus
972 3897 1008 3941 ac
1047 3886 1108 3938 tate
1126 3888 1156 3939 et
1179 3888 1314 3939 movetur
1344 3879 1451 3940 timore
1478 3860 1611 3938 initiunt

364 4031 370 4040 ,
405 3960 549 4024 honestus
563 3964 624 4038 (3).
1048 3961 1195 4023 ritartdam
1215 3963 1350 4043 culpam,
1378 3961 1408 4022 in
1433 3980 1469 4023 eo
1493 3965 1613 4038 praepot-

450 4045 505 4104 ttt
516 4044 589 4105 ‚Sed
598 4044 712 4106 lriciam
725 4046 895 4128 quaeritur,
906 4055 1006 4108 utrum
1048 4045 1132 4106 derat
1144 4045 1243 4107 adlruc
1256 4046 1373 4107 seruilis
1389 4046 1489 4119 timor,
1518 4038 1608 4103 torre,

370 4157 372 4161 v
406 4125 497 4188 timor
528 4145 582 4208 per
613 4129 767 4192 caritatem
792 4131 1006 4208 imminuatur,
1048 4140 1201 4191 crescente
1218 4129 1354 4206 caritate,
1370 4128 1514 4191 servilitas
1527 4122 1611 4203 ipsae

338 4272 340 4275 .
406 4211 554 4292 pleneque
574 4211 720 4292 tollatur,-
741 4232 867 4277 aurero
886 4233 1010 4277 cumea
1049 4213 1153 4274 mnino
1165 4213 1344 4360 fidimittitur,
1366 4221 1400 4277 ut
1417 4211 1561 4296 detlocuu
1569 4193 1609 4260 solt

1050 4297 1150 4360 timori
1186 4298 1259 4360 liali.
1426 4302 1428 4305 ’
1617 4314 1620 4318 ‘

453 4381 461 4428 t
492 4375 571 4438 t1,2,
602 4379 725 4438 .l9‚art.
745 4382 772 4432 ὅ.
1579 4430 1584 4442 ,

439 4375 478 4510 ξῖζ
498 4443 554 4495 lab.
573 4392 618 4507 δὲ,
632 4449 675 4508 stt,
688 4462 715 4513 tp.
729 4450 771 4498 55.
1048 4448 1120 4508 sium,
1139 4464 1235 4516 numne
1259 4463 1318 4500 cum
1345 4446 1498 4514 appellamus
1517 4429 1610 4489 mmm

438 4513 478 4578 (ὃ)
496 4514 536 4563 t't.
560 4515 656 4566 Surroa
681 4513 783 4577 verpe,
801 4521 864 4566 oret.
888 4517 916 4576 d,
935 4529 963 4566 u.
982 4517 1008 4567 6.
1047 4518 1179 4578 seruilem,
1202 4531 1279 4584 quem
1307 4525 1392 4583 patres
1419 4499 1609 4566 tsuurototttl

405 4577 479 4645 Circo
509 4581 741 4633 denominationum
771 4585 868 4634 timoris
895 4586 1008 4647 smuttu,
1048 4585 1154 4635 rualuur.
1661 4590 1663 4604 “

406 4647 450 4714 qui
470 4645 526 4696 talis
543 4649 639 4701 dicitur
656 4658 777 4719 tartquam
796 4667 843 4719 per
858 4661 1009 4704 autououm·
1074 4653 1120 4725 ¹(lt)
1139 4649 1171 4714 ll,
1190 4653 1217 4713 ἱ,
1234 4666 1262 4720 q.
1276 4655 1318 4715 to,
1330 4658 1380 4703 orl.
1392 4651 1466 4702 d-l.
