3700 5659
759 443 762 450 .
830 481 924 528 carun
942 481 973 525 n.
1359 445 1363 450 .
1427 471 1485 534 atr

255 602 349 660 rum,
365 599 456 663 quae
472 597 489 642 a
504 577 592 640 iustis
608 575 784 639 hominibus
803 593 887 638 exer·
927 581 1064 655 perotus,
1084 572 1122 635 de
1153 574 1301 655 condigno
1325 580 1434 642 mereri
1463 584 1531 661 glo-

261 675 390 729 ρθῃιῃῑ,
926 657 1003 718 riam
1033 657 1272 733 accidentalem,
1303 680 1357 724 seu
1384 683 1528 743 augmen-

304 751 385 812 306.
411 745 455 810 Ut
472 763 542 808 vero
571 745 665 825 probe
684 743 883 822 intelligatur,
927 752 990 804 turn
1006 741 1119 819 gloriae
1138 750 1168 803 et
1186 745 1325 806 aureolas
1340 740 1401 827 (1).

259 833 418 915 quidnam
452 829 588 912 praecise
621 829 651 890 in
675 829 884 909 quaestionem
968 826 1042 887 310.
1063 824 1169 906 ltaque
1191 835 1252 888 tota
1274 831 1412 908 quaestio
1441 851 1528 896 revo-

259 916 388 993 veniat‚
426 914 576 976 nonnulla
602 912 831 993 praemittamus
853 929 886 970 o·
925 917 1011 969 catur
1036 908 1116 969 inter
1143 909 1309 973 catholicos
1327 914 1365 974 ad
1387 917 1528 980 meritum

260 1007 379 1081 portet,
399 1005 452 1074 ut,
474 1005 652 1078 quaeeerta
674 1004 755 1072 sunt,
776 993 814 1056 ab
834 993 884 1054 in·
925 992 1105 1067 condignum
1141 993 1255 1069 gloriae
1291 999 1461 1061 essentialis
1494 1021 1527 1065 ar

261 1082 358 1144 certis
386 1097 601 1142 secernamus
634 1079 694 1141 lam
719 1097 789 1139 vero
807 1077 886 1138 inter
924 1075 1132 1137 substantialis
1145 1076 1283 1156 praemii.
1303 1078 1376 1142 Nam
1392 1083 1443 1143 alii
1459 1103 1526 1146 con·

261 1165 445 1228 catholicos
476 1183 581 1225 omnes
610 1171 708 1224 ratum
733 1163 885 1240 fixumque
924 1159 1061 1235 tendunt,
1082 1166 1134 1220 aut
1148 1161 1220 1220 solis
1236 1161 1354 1225 actibus
1369 1185 1387 1226 a
1403 1168 1527 1232 caritate

261 1259 321 1326 est,
357 1249 525 1310 caritatem
556 1246 637 1308 haud
665 1247 760 1307 solam
795 1261 881 1321 esse,
924 1243 1033 1304 elicitis
1050 1241 1125 1303 illud
1144 1244 1284 1306 meritum
1302 1265 1368 1308 esse
1387 1249 1525 1313 tribuen-

262 1351 345 1412 quae
358 1331 525 1392 meritoria
540 1330 590 1406 sit,
603 1325 684 1391 adeo'
695 1337 728 1390 ut
742 1345 833 1409 opera
849 1345 884 1389 ex
924 1326 1009 1400 dum,
1028 1334 1081 1388 aut
1095 1326 1212 1388 actibus
1225 1329 1315 1390 etiam
1328 1331 1454 1394 aliarum
1470 1336 1523 1397 vir-

261 1416 323 1477 alio
339 1415 464 1476 motivo
479 1423 598 1495 praeter
615 1413 759 1474 motivum
778 1412 884 1473 carita·
911 1418 1045 1486 tutum,
1076 1409 1130 1470 sed
1153 1430 1172 1470 a
1195 1412 1319 1473 caritate
1351 1415 1524 1497 imperatis;

263 1498 303 1560 tis
323 1497 436 1560 elicita
460 1499 573 1558 nullam
600 1496 767 1558 mercedem
787 1513 804 1556 a
822 1495 882 1556 lleo
924 1492 995 1554 dum
1021 1511 1201 1555 econverso
1228 1496 1280 1556 alii
1300 1509 1440 1577 censent,
1463 1510 1524 1565 tum

262 1589 462 1658 mereantur,
495 1588 583 1661 prout
614 1578 780 1641 ianseniani
804 1579 881 1640 ellu-
923 1578 1081 1653 meritum,
1114 1585 1178 1638 tum
1210 1580 1378 1657 praemium
1410 1587 1525 1665 acquiri

262 1666 394 1726 tierunt.
430 1663 465 1726 Si
491 1664 649 1745 quideme
671 1663 823 1725 Clemente
845 1661 883 1722 XI
922 1669 1077 1739 peractus
1104 1679 1208 1722 ornnes
1230 1668 1474 1742 supernaturales
1494 1671 1525 1732 in

265 1749 297 1809 in
316 1747 543 1810 constitutione
555 1748 731 1826 Unipont'lns
743 1744 884 1807 haeduae
922 1752 1005 1805 statu⁴
1019 1743 1132 1819 gratiae
1149 1746 1363 1809 sanctificantis
1381 1750 1524 1831 elicitos,

263 1831 786 1912 Quesnellipropositionesnotatae
798 1837 880 1905 sunt,
923 1827 997 1907 quin
1013 1845 1135 1888 necesse
1150 1827 1206 1903 sit,
1228 1837 1263 1890 ut
1280 1831 1326 1892 vel
1345 1834 1456 1896 caritas
1474 1855 1526 1899 eos

266 1934 377 1998 nempe
398 1932 458 1976 nv:
494 1917 575 1978 Deua
591 1931 654 1975 non
680 1921 802 1976 coronat
821 1914 883 1974 nisi
922 1911 1034 1987 eliciat
1052 1912 1098 1972 vel
1117 1927 1170 1990 per
1187 1922 1272 1973 actus
1289 1915 1416 1977 aliarum
1434 1919 1524 1982 uirtu-

264 2001 453 2072 caritatem
480 1998 533 2076 qui
549 1998 649 2060 currit
679 2015 716 2059 eoo
743 1996 880 2058 01101111-
924 2002 985 2055 tum
1003 2013 1055 2056 eos
1073 1994 1178 2056 saltem
1198 1996 1307 2058 caritas
1325 1999 1451 2078 imperet
1472 2022 1525 2083 per

265 2083 355 2159 parton
381 2091 411 2144 et
430 2099 472 2144 en
490 2082 549 2144 olto
572 2081 690 2156 ntotioo,
718 2081 751 2140 in
772 2097 882 2142 mucra
922 2079 1070 2138 actualem
1096 2085 1150 2138 ant
1170 2077 1326 2142 virtualem
1346 2084 1524 2148 relationem

268 2167 369 2228 currit
380 2189 395 2238 ,·
424 2173 540 2226 atavi:
562 2165 641 2226 Deos
658 2181 719 2226 noa
740 2180 879 2226 remono-
923 2161 1070 2222 bonorum
1091 2179 1217 2242 operum
1235 2163 1273 2224 ad
1291 2164 1384 2226 lleum
1404 2179 1526 2252 propter

268 2257 317 2310 rot
333 2249 401 2311 arisi
420 2249 597 2324 caritatem,
617 2248 758 2326 querutum
770 2249 882 2323 coritas
921 2263 955 2306 se
968 2245 1122 2306 dilectum.
1439 2289 1444 2293 -

267 2332 331 2398 sola
349 2332 453 2395 Deum
469 2333 594 2394 1101101111
608 2332 669 2410 (1).
964 2329 1037 2389 311.
1058 2327 1123 2390 Non
1141 2328 1251 2392 desunt
1268 2341 1445 2410 argumenta
1463 2336 1526 2400 sive

312 2416 389 2477 307.
424 2413 476 2476 Sic
501 2415 591 2477 etiarn
617 2415 695 2476 inter
717 2413 881 2476 catholicos
923 2411 1045 2489 biblica,
1066 2411 1127 2474 sive
1145 2432 1179 2474 en
1194 2415 1341 2493 patribus,
1359 2417 1421 2480 sire
1435 2420 1525 2483 thoo-

272 2514 378 2560 omnes
404 2499 568 2575 convenit,
603 2506 686 2559 actus
714 2497 880 2560 infidelium
921 2495 1018 2572 logica
1029 2515 1082 2578 pro
1094 2507 1223 2578 utraque
1237 2501 1397 2577 sententia,
1414 2504 1525 2583 quibus

272 2583 457 2645 naturaliter
474 2590 589 2644 tantum
606 2582 748 2643 honestos
761 2583 881 2661 saepius
921 2579 1031 2641 lactum
1050 2589 1107 2657 est,
1125 2591 1159 2642 ut
1172 2599 1370 2665 unaquaeque
1385 2605 1457 2648 suos
1469 2607 1525 2668 pa·

274 2661 303 2724 in
323 2666 378 2727 hac
397 2666 462 2728 vita
478 2665 614 2728 obtinere
632 2685 650 2726 a
668 2665 729 2726 Deo
747 2665 880 2725 retribn-
924 2671 1027 2724 tronos
1057 2663 1136 2725 inter
1167 2663 1323 2743 theologos
1352 2677 1439 2731 nacta
1473 2672 1524 2734 sit.

273 2747 383 2812 tionem
403 2749 615 2830 temporalem,
634 2767 721 2810 secus
739 2767 774 2809 ac
791 2759 879 2810 autu·
919 2744 979 2807 llos
994 2747 1126 2807 contenti
1142 2747 1256 2809 erimus
1273 2751 1435 2831 praecipua
1451 2753 1526 2817 haec

274 2833 383 2894 marint
393 2833 489 2894 iidem
503 2832 696 2906 iansenistae,
709 2831 785 2894 duce
795 2831 877 2908 Baio,
919 2841 1094 2906 argumenta
1107 2830 1251 2892 historice
1262 2832 1292 2892 in
1308 2834 1440 2896 medium
1457 2856 1526 2917 pro·

270 2914 356 2976 cuius
374 2915 545 2997 propositio
569 2933 623 2977 xxv
651 2915 816 2995 proscripta
835 2924 881 2976 est
919 2912 1009 2989 serre,
1028 2931 1110 2987 cum,
1127 2913 1208 2974 salva
1222 2915 1370 2979 catholica
1385 2920 1523 2997 veritate,

276 3013 384 3060 arom.
406 2998 602 3080 pontificibus
623 3017 649 3060 s.
671 2998 722 3059 Pio
741 2996 782 3071 v,
802 2996 878 3060 Gre·
917 2997 1096 3057 alterutrum
1130 2997 1277 3078 placitum
1293 3001 1423 3082 quisque
1448 3004 1523 3066 ado-

271 3080 352 3153 gorio
370 3081 454 3160 Xlll,
474 3091 504 3144 et
523 3080 641 3143 Urbano
660 3081 746 3142 Vlll:
769 3081 878 3144 Ornoio
917 3088 1002 3158 ptare
1019 3079 1135 3160 possit;
1160 3081 1234 3160 quid
1251 3101 1321 3144 nero
1340 3085 1429 3146 nobis
1443 3088 1523 3150 veri-

270 3177 356 3239 operc
385 3167 558 3246 infidelium
585 3175 659 3228 eunt
682 3173 823 3245 peccota,
850 3175 878 3228 et
917 3162 1047 3225 similius
1064 3163 1215 3244 rideatur,
1237 3166 1342 3230 ultimo
1362 3169 1429 3232 loeo
1449 3191 1524 3241 ape-

268 3245 511 3328 plilosopltorum
522 3250 650 3312 uirtutes
657 3257 726 3312 stant
733 3249 805 3310 vitio
814 3248 874 3327 (1).
916 3245 1034 3322 nemus,
1323 3255 1326 3260 '
1341 3255 1352 3261 ”

315 3331 388 3393 308.
408 3331 542 3412 idipsum
561 3332 679 3394 dicatur
695 3332 731 3393 de
760 3333 876 3395 actibus
1146 3379 1180 3402 .,

272 3412 800 3496 011111111ου11000100010110111111111
810 3435 876 3494 peo·
1189 3400 1205 3480 1
1223 3399 1249 3463 Ῑ·

273 3503 427 3575 catorum,
447 3499 499 3580 qui
526 3500 618 3561 eliciti
640 3509 709 3561 ante
728 3499 875 3560 iustificat·
915 3501 1072 3564 Ammonio
1092 3517 1177 3554 corum
1194 3509 1238 3566 qui
1259 3513 1376 3570 respuunt
1393 3515 1523 3562 1100111110-

275 3576 384 3644 fionem
401 3583 527 3660 fuerint,
548 3582 585 3644 ad
603 3584 728 3660 gratiam
744 3582 781 3644 de
800 3601 873 3644 con,
949 3576 997 3620 lem
1016 3576 1128 3621 caritatis
1155 3575 1297 3633 imperantis
1314 3581 1345 3624 od
1362 3582 1478 3628 meritum
1495 3584 1523 3630 111

273 3676 347 3735 grup
366 3666 541 3728 merendam
555 3666 616 3746 (3).
947 3642 1064 3700 condtpno
1082 3641 1178 3700 plortoe
1196 3643 1340 3692 tuentiolis.

316 3747 390 3810 309.
418 3749 545 3811 Demum
576 3749 715 3811 catholici
739 3748 874 3811 unanimi
957 3749 1030 3809 311.
1050 3746 1107 3819 Qui
1137 3749 1345 3824 contendunt,
1374 3753 1454 3816 haud
1471 3773 1523 3818 rc·

276 3841 424 3895 consensu
440 3841 553 3909 tenent,
572 3842 657 3894 actus
675 3833 823 3894 iustorum
840 3852 876 3894 en
915 3831 996 3911 quiri
1014 3831 1052 3892 ad
1065 3832 1180 3908 gloriae
1194 3834 1365 3896 essentialis
1384 3839 1522 3902 seusub·

278 3909 436 3978 virtutibus
448 3916 510 3978 sive
528 3915 652 3994 inlusis,
670 3916 732 3978 sive
746 3917 877 3996 acquisi-
915 3914 1064 3976 stantialis
1093 3915 1218 3995 praemii
1239 3919 1463 3983 assecutionem
1475 3933 1523 3985 ‘a.

278 3991 314 4054 tis
332 4016 367 4058 ex
385 3999 499 4078 gratiae
518 3999 629 4061 auxilio
648 4000 815 4078 proiectos,
836 3998 876 4059 li·
915 4008 997 4058 ctum
1024 3998 1157 4059 caritatis
1185 3998 1382 4081 imperantis,
1418 4005 1523 4070 dicunt

278 4085 324 4138 cet
339 4099 357 4142 a
374 4084 500 4145 caritate
519 4101 574 4146 nco
597 4083 713 4145 elicitos
735 4101 790 4144 neo
816 4082 876 4144 1111-
915 4083 977 4144 11111
991 4081 1132 4144 omnibus
1151 4079 1371 4164 Scripturarum
1388 4090 1525 4152 testimo.

311 4257 332 4324 (1
368 4261 396 4312 111
426 4279 490 4332 quas
517 4264 704 4332 propositiones
730 4262 878 4327 dignoscat
950 4263 990 4331 (2)
1013 4265 1043 4314 ln
1066 4263 1279 4332 quamprtsposit.
1298 4267 1331 4319 ci.
1358 4268 1522 4340 ilipalrlaop.

280 4325 322 4386 (1111
349 4339 440 4390 erratur
452 4330 564 4384 Fontana
583 4332 608 4382 in
627 4347 668 4398 op.
690 4331 734 4382 cit.
752 4331 878 4382 Constitu·
917 4332 963 4382 eit.
976 4331 1012 4381 De
1021 4329 1082 4382 Erite
1092 4337 1284 4396 supernaturali,
1294 4334 1347 4384 vol.
1360 4340 1386 4386 5.

281 4391 312 4438 tto
326 4391 464 4458 [inigenitus
481 4401 610 4463 theolopicc
627 4404 797 4465 propugnato,
816 4407 877 4450 tom.
951 4400 989 4466 (ὅ)
1008 4398 1447 4468 (21810011.[1001111001Ηο011111
1466 4408 1523 4456 1111·

282 4457 306 4515 2,
320 4457 362 4510 uhi
381 4467 552 4532 copiosissime
570 4483 600 4516 ex
621 4467 701 4516 sacris
720 4467 878 4533 Seriphius,
918 4471 1023 4519 senione
1035 4465 1082 4515 lib.
1093 4469 1118 4516 Ξ.

282 4517 407 4595 Patribus,
426 4531 548 4584 Conciliis
567 4531 878 4600 Theologornmqnecon-
953 4534 991 4600 (1)
1014 4532 1055 4583 Ci.
1069 4531 1209 4586 tlitoerve
1225 4537 1337 4597 corileto,
1355 4550 1412 4604 rap.
1427 4541 1453 4601 2,
1471 4546 1523 4592 art.

281 4599 352 4643 sensu
369 4596 433 4650 luno
450 4599 593 4652 doctrinam
606 4600 701 4660 refellit
714 4615 740 4667 p.
755 4605 878 4652 itt-tot.
921 4605 977 4663 t,a
998 4605 1060 4652 013.
