3700 5659
428 493 492 555 usi
524 451 530 458 Ἰ
784 551 786 560 s
915 502 954 546 nc
970 501 1113 546 enutrirc

340 597 349 606 “
426 596 987 675 3o8.Advertennnmnmenest,quae
1028 593 1098 657 odio
1132 603 1271 659 naturam
1304 597 1478 662 habendam
1520 593 1641 683 proptei

385 685 598 749 constituimus
616 681 653 744 de
681 679 786 742 ordine
815 677 987 740 dilectionis
1027 679 1159 760 eulpam,
1183 689 1307 762 etopus
1335 682 1389 746 liei
1408 691 1540 765 propter
1565 705 1636 766 opus

385 768 531 832 servando
545 763 672 842 intelligi
695 763 806 825 debere
834 762 865 824 in
881 762 987 824 eodem
1028 761 1171 825 hominis.
1192 763 1288 842 nudo,
1307 766 1353 827 rel
1384 766 1472 847 ipsos
1493 768 1636 848 antiquos

384 871 494 931 genere
513 851 674 924 bonorum,
697 845 986 920 retrocessionem,
1027 845 1635 932 philosophosnaluralehocpraeceptun

385 928 989 1013 sciliceteomparandospiritualeadspi·
1027 929 1194 1010 aginonem,
1214 932 1320 993 saltem
1340 951 1376 994 ex
1406 952 1444 1011 ea
1467 944 1570 1014 parte,
1583 955 1637 1016 qna

385 1016 633 1080 rituale.Sienim
643 1023 776 1086 mutetur
788 1013 986 1092 comparatio,
1028 1013 1200 1090 negativum
1219 1022 1276 1092 est,
1297 1015 1334 1078 de
1349 1035 1411 1078 non
1430 1017 1507 1079 odio
1522 1019 1636 1080 haben-

386 1102 481 1179 magis
514 1113 620 1162 teneor
651 1096 812 1160 subvenire
837 1094 987 1176 spirituali
1028 1093 1078 1156 dis'
1095 1096 1227 1159 inimicis
1245 1106 1275 1160 et
1302 1099 1339 1161 de
1362 1099 1489 1163 iniuriis
1520 1101 1634 1164 condo-

385 1183 566 1247 necessitati·
592 1182 673 1261 graui
707 1180 801 1242 exteri
831 1179 986 1255 hominis,
1029 1179 1136 1241 nandis
1154 1181 1216 1259 (ἢ).
1389 1245 1396 1250 ,
1577 1219 1581 1224 -

386 1287 476 1348 quum
492 1263 734 1348 corporaligrari
754 1261 884 1324 alienius
913 1280 988 1322 con·
1071 1264 1145 1325 371.
1165 1262 1225 1326 Sed
1235 1266 1537 1349 praetereaidipsum
1550 1287 1634 1350 prac-

385 1351 493 1426 iuneti3
513 1351 544 1412 id
565 1349 664 1431 ipsum
683 1345 848 1410 dicaturde
861 1354 990 1427 utraque
1028 1345 1129 1428 cipere
1160 1348 1257 1426 legem
1286 1347 1417 1412 divinam
1446 1352 1633 1432 positivam,

386 1446 519 1497 extrema
535 1434 595 1514 (l).
1028 1438 1218 1493 constattum
1236 1450 1269 1494 er
1289 1433 1356 1512 lege
1368 1435 1480 1511 reteri,
1505 1445 1574 1498 tum
1602 1456 1633 1498 cr

1029 1515 1094 1592 lege
1113 1516 1292 1595 evangelica.
1329 1516 1371 1578 dc
1399 1519 1502 1599 primo
1539 1521 1632 1596 legem

569 1598 743 1646 PR⁰POS¹T¹⁰
761 1598 804 1644 ¹¹¹·
1028 1608 1156 1661 veterem
1173 1601 1231 1662 hoe
1247 1599 1365 1666 dedisse
1380 1611 1583 1683 pracceptum
1599 1604 1632 1665 de

389 1693 452 1744 Tum
466 1696 516 1756 lepe
527 1693 638 1764 nnlnrqii
657 1695 709 1740 lum
722 1693 771 1751 iope
782 1686 889 1750 posiliee
905 1689 989 1765 dicium
1027 1682 1186 1759 diligendis
1197 1683 1431 1764 lnimlel8,‚paltil
1441 1704 1480 1747 εχ
1490 1686 1545 1762 iis,
1559 1706 1632 1767 quae

426 1765 520 1842 leprico
537 1762 609 1810 nomo
626 1757 725 1822 diliperc
740 1761 879 1821 peccatores
895 1759 918 1804 et
937 1759 987 1804 int·
1027 1766 1189 1829 constituta
1206 1775 1276 1830 sunt
1297 1767 1332 1832 in
1347 1765 1473 1830 [levitic.
1494 1787 1563 1848 m,
1586 1770 1633 1831 ubi

422 1842 573 1880 ''¹¹⁰⁰⁸''‘⁰'·
1028 1858 1186 1930 postquem
1215 1867 1247 1911 u.
1280 1851 1317 1911 l'l
1346 1852 1484 1929 negative
1519 1853 1631 1915 dictum

430 1941 504 2002 369.
539 1937 650 2002 Omnes
686 1952 809 2017 prorsus
849 1930 988 1993 homines
1027 1934 1139 1995 luerit:
1167 1936 1236 1998 Non
1263 1935 1361 1996 oderis
1387 1936 1524 2014 fratrem
1549 1947 1633 1998 tucn

387 2025 516 2086 viatores
532 2024 594 2085 sive
610 2022 705 2084 iustos
716 2019 781 2081 sice
802 2024 987 2100 peccatores,
1028 2018 1063 2078 in
1076 2018 1163 2079 corde
1176 2027 1243 2092 luo;
1257 2029 1287 2079 et
1302 2033 1333 2078 v.
1349 2019 1400 2080 ld:
1417 2020 1488 2082 Non
1505 2039 1634 2099 punem

390 2109 452 2170 sive
471 2108 622 2183 inimicos,
643 2104 794 2166 obiectum
811 2119 877 2163 esse
908 2098 989 2160 cari·
1029 2101 1184 2177 aulonem,
1202 2118 1254 2163 nec
1271 2119 1383 2163 monor
1404 2104 1466 2165 eris
1494 2105 1635 2166 iniuriae

388 2193 459 2255 latis
479 2192 600 2272 pariter,
621 2207 676 2251 sun
696 2189 762 2248 loco
789 2183 988 2256 ostendimus,
1029 2185 1632 2258 conterminorumaffirmativesunditcr:

389 2272 668 2352 comageremusde
680 2269 858 2333 secundario
872 2266 990 2328 obiecto
1030 2265 1143 2348 Diiipea
1161 2269 1290 2330 nmmum
1304 2277 1389 2330 ticum
1401 2270 1478 2332 sicut
1490 2271 1631 2350 teipsum.

389 2358 539 2420 materiali
557 2355 690 2418 caritatis
718 2372 772 2415 sen
802 2352 839 2414 de
864 2349 990 2432 proximi
1032 2349 1087 2412 Ubi
1102 2350 1398 2413 animadvertendum
1413 2361 1482 2431 est,
1511 2361 1577 2416 tum
1604 2354 1632 2414 in

390 2441 562 2502 dilectione.
580 2439 649 2500 ideo
667 2455 737 2497 vcro
756 2436 787 2496 in
802 2433 990 2516 praesentia·
1031 2434 1172 2496 hebraica
1185 2434 1321 2510 ueritate,
1353 2443 1415 2497 lom
1444 2436 1478 2497 in
1493 2438 1632 2499 versione

390 2523 530 2585 rumderi
540 2518 775 2604 praeceptumde
788 2525 989 2598 peccatorum,
1030 2517 1632 2598 alexandrinapro:Amicumtuum,legi:

391 2605 569 2688 praesertim
588 2613 688 2667 autem
710 2601 901 2664 inimicorum
918 2599 993 2660 dile·
1030 2602 1209 2664 Pronimnm
1226 2611 1312 2663 tuum
1330 2601 1392 2681 (3).
1414 2602 1451 2664 lit
1469 2604 1575 2684 reipsa
1595 2605 1633 2665 ila

392 2691 503 2765 ctione,
514 2689 719 2752 demonstrare
731 2683 991 2748 eonstituimnsoh
1031 2685 1110 2745 hunc
1132 2692 1244 2746 textum
1259 2685 1363 2747 attulit
1380 2685 1520 2748 Christus
1532 2687 1631 2749 llatth.

392 2773 552 2855 specialem
572 2772 787 2846 difficultatem,
805 2766 993 2850 quaminlir·
1031 2785 1061 2846 v,
1086 2768 1138 2829 43.
1175 2767 1235 2830 lam
1263 2787 1334 2831 uero
1369 2769 1401 2830 in
1426 2771 1632 2850 proximorum

393 2877 442 2920 ma
458 2866 564 2918 nature
577 2864 679 2918 nostra
696 2853 856 2936 experitur,
866 2851 897 2912 in
913 2850 994 2912 cius·
1032 2870 1124 2913 censu
1139 2851 1228 2912 etiam
1245 2851 1360 2914 inimici
1370 2854 1634 2934 comprehendnn·
1687 2854 1688 2863 ’

393 2941 474 3002 modi
493 2939 686 3002 inimicorum
710 2955 824 3000 amere.
849 2933 993 2996 inimico·
1033 2944 1092 2996 tur.
1131 2933 1196 2996 linc
1233 2935 1345 3015 pariter
1373 2945 1535 3016 spectant,
1556 2957 1632 3018 quae

392 3043 458 3086 rum
489 3033 589 3086 antem
618 3021 740 3083 nomine
767 3019 891 3082 veniunt
914 3017 949 3094 ii,
977 3037 994 3078 a
1034 3019 1175 3095 leguntur
1193 3018 1285 3080 Exodi
1300 3037 1380 3095 ruric,
1400 3020 1433 3080 l:
1452 3021 1490 3083 Si
1500 3039 1636 3083 occum-

394 3108 506 3187 qnibus
521 3105 662 3168 iniuriam
690 3103 774 3185 passi·
797 3119 915 3180 sumus,
943 3109 996 3163 aut
1033 3102 1633 3180 risiooiinimicituicutccinocrrunti,

394 3191 447 3270 qui
466 3207 520 3251 nos
539 3189 607 3249 odio
627 3195 862 3268 prosequuntur.
1034 3187 1125 3247 reduc
1143 3185 1342 3253 adeundi
1375 3187 1487 3250 uideris
1514 3189 1635 3250 meum

437 3273 510 3334 370.
530 3271 591 3332 lam
610 3289 680 3332 vero
703 3268 849 3350 inprimis
863 3268 930 3346 lege
944 3285 997 3328 na·
1034 3269 1160 3330 odientis
1174 3276 1202 3330 te
1215 3269 1311 3332 meere
1325 3272 1634 3352 miooere‚noaper-

396 3355 488 3417 turali
520 3373 576 3416 nos
602 3353 728 3432 obligari
758 3351 796 3414 ad
823 3360 997 3432 peccatores
1035 3352 1262 3425 transmissori
1289 3355 1453 3416 subuculis
1479 3365 1562 3416 erim.
1593 3354 1635 3415 Ad

395 3417 484 3500 etiam
504 3436 643 3499 inimicos
661 3435 828 3515 diligendos
846 3434 953 3496 suadet
966 3435 997 3494 l⁰
1035 3433 1123 3496 cuins
1138 3434 1212 3511 legis
1234 3444 1363 3498 mentem
1384 3433 1517 3517 Sapiens
1547 3437 1632 3498 Pron.

395 3522 575 3604 principium
603 3520 678 3582 illud
710 3519 852 3581 cordibus
885 3517 997 3579 noslris
1036 3535 1113 3595 univ,
1136 3518 1316 3595 l'l,seribit:
1337 3521 1415 3582 Cum
1427 3522 1566 3583 ceciderit
1579 3522 1636 3582 iai·

395 3607 487 3683 digito
503 3605 556 3668 liei
569 3605 763 3686 insculptum:
785 3603 869 3679 Quod
883 3603 936 3665 lidi
949 3603 998 3681 lie·
1036 3604 1130 3664 micnc
1143 3610 1224 3677 tous,
1240 3621 1279 3664 ue
1295 3604 1436 3684 pandens,
1455 3613 1486 3666 et
1500 3605 1536 3665 iu
1545 3606 1637 3666 ruine

395 3691 426 3753 ri
443 3708 505 3752 unic
523 3690 567 3752 vis
584 3689 672 3752 alleri
691 3705 728 3751 ue
754 3687 873 3766 soccum
892 3703 998 3746 omnes
1036 3687 1100 3747 ciue
1120 3702 1159 3746 ne
1176 3686 1285 3748 corruet
1302 3688 1635 3760 oecumenicorum

395 3791 465 3835 vero
479 3773 583 3835 volunt
601 3771 708 3849 amari,
730 3789 791 3832 non
807 3779 907 3831 antem
928 3768 997 3829 c'dio
1037 3785 1104 3846 rav,
1124 3768 1177 3844 dl,
1197 3768 1250 3829 22:
1266 3769 1300 3832 Si
1327 3771 1472 3832 esurierit
1494 3771 1637 3834 inimicius

396 3856 514 3936 haberi,
539 3855 753 3919 multominus
784 3852 886 3930 laedi,
907 3852 997 3914 etiam
1036 3861 1116 3928 ictuc,
1132 3852 1197 3914 cilo
1212 3853 1313 3926 iiium;
1328 3854 1482 3928 tinnierit,
1501 3855 1543 3916 dc
1562 3855 1590 3915 ei
1608 3873 1638 3915 u·

396 3940 434 4001 ab
455 3959 504 4016 eo,
525 3959 614 4021 quem
634 3938 702 4021 quis
725 3935 860 4000 offendit.
887 3933 1000 3996 Suadet
1037 3953 1126 4015 quone
1144 3935 1256 4010 iidem
1268 3953 1382 4015 pronos
1399 3937 1481 3999 cuim
1511 3955 1637 4018 conpre-

396 4022 429 4082 20
447 4023 512 4104 ipsa
530 4023 619 4100 ratio,
644 4039 721 4103 qnae
741 4021 844 4100 dictat,
858 4037 919 4081 nnn
932 4036 999 4080 esse
1036 4019 1122 4100 polin
1134 4035 1223 4097 crtpcr
1240 4027 1328 4099 ceput
1346 4021 1421 4096 nnc,
1443 4028 1471 4082 et
1492 4021 1639 4082 minium

443 4151 468 4217 ἱ)
486 4151 525 4202 ct.
544 4149 650 4213 suarez,
668 4150 735 4218 disp.
750 4155 776 4214 9,
795 4157 857 4201 cecc.
872 4153 897 4210 ἢ,
913 4165 942 4199 n.
955 4151 982 4199 ἲ,
1038 4103 1141 4165 reddet
1158 4103 1215 4164 lidi
1235 4102 1295 4183 (l).
1316 4101 1358 4164 Ne
1373 4103 1442 4184 quis
1459 4122 1531 4165 cero
1552 4112 1636 4185 puta·

442 4221 468 4282 2)
493 4216 566 4269 ilaud
585 4233 666 4283 peuce
689 4219 851 4268 ethnicorum
876 4216 1001 4282 exempla,
1073 4214 1111 4279 (i)
1130 4209 1226 4266 Verum
1243 4230 1294 4266 non
1315 4215 1536 4268 catomittendurn
1555 4231 1637 4268 socen

396 4287 442 4404 poi
461 4285 488 4360 iu
506 4283 659 4362 dcponendo
676 4282 744 4346 odio,
763 4293 789 4334 et
806 4285 833 4333 in
850 4281 1000 4360 condonan·
1039 4280 1113 4361 ¹¹.²b‘.·
1134 4294 1172 4349 p]
1192 4290 1242 4334 tam
1267 4287 1374 4333 coricum
1400 4299 1480 4350 quam
1500 4287 1638 4347 precinunt

417 4358 436 4404 is
454 4355 567 4413 iuturus,
586 4351 740 4412 excollucre,
757 4347 904 4416 suppeditat
924 4348 1001 4399 Vale·
1039 4348 1207 4414 sugculiccre,
1230 4365 1260 4400 ce
1283 4359 1425 4418 propterea.
1445 4352 1595 4418 promiscue
1610 4367 1638 4402 u·

383 4423 451 4474 'rius
463 4421 530 4473 llas.
543 4417 590 4469 lib.
603 4421 637 4479 t,
655 4421 753 4485 capsi.
771 4419 808 4468 De
830 4419 909 4465 calmi
920 4419 1001 4466 mode·
1039 4417 1152 4481 corpori.
1686 4428 1687 4433 ¹

396 4493 503 4550 rollone,
522 4495 547 4537 et
558 4501 615 4552 cap.
629 4490 656 4534 2.
674 4487 711 4535 De
722 4482 928 4533 reconciliatione.
940 4483 1000 4535 Alia
1074 4484 1112 4548 (t)
1127 4483 1154 4534 ln
1169 4498 1246 4550 quem
1260 4482 1310 4533 loc.
1324 4483 1361 4534 cl.
1379 4482 1484 4535 Cornel.
1497 4501 1513 4534 c
1523 4483 1586 4551 lap.
1597 4483 1637 4551 qui

396 4557 472 4632 ctiam
492 4551 597 4622 praebet
617 4549 771 4604 Plutarchus
793 4551 821 4602 in
837 4565 928 4618 opusc.
947 4567 998 4602 mo-
1038 4559 1137 4611 censet,
1149 4552 1262 4617 phrasim
1279 4550 1351 4628 illurn
1366 4549 1463 4601 Preces
1475 4557 1637 4615 concrepabit.

396 4621 503 4674 relrbns.
1039 4615 1201 4686 desumptam
1217 4633 1231 4668 ι
1249 4616 1388 4681 medicina,
1405 4633 1471 4687 quae
1490 4616 1639 4671 fomentari
