<?xml version="1.0" encoding="UTF-8"?>
<!DOCTYPE html PUBLIC "-//W3C//DTD XHTML 1.0 Transitional//EN"
    "http://www.w3.org/TR/xhtml1/DTD/xhtml1-transitional.dtd">
<html xmlns="http://www.w3.org/1999/xhtml" xml:lang="en" lang="en">
 <head>
  <title>
</title>
<meta http-equiv="Content-Type" content="text/html;charset=utf-8" />
  <meta name='ocr-system' content='tesseract 3.04.00' />
  <meta name='ocr-capabilities' content='ocr_page ocr_carea ocr_par ocr_line ocrx_word'/>
</head>
<body>
  <div class='ocr_page' id='page_1' title='image "./praelectionesth09perrgoog/praelectionesth09perrgoog_0234.png"; bbox 0 0 3700 5659; ppageno 0'>
   <div class='ocr_carea' id='block_1_1' title="bbox 406 445 1090 507">
    <p class='ocr_par' dir='ltr' id='par_1_1' title="bbox 406 445 1090 507">
     <span class='ocr_line' id='line_1_1' title="bbox 406 445 1090 507; baseline 0.029 -24"><span class='ocrx_word' id='word_1_1' title='bbox 406 445 467 507; x_wconf 48' lang='grc' dir='ltr'><strong>ψῃ</strong></span> <span class='ocrx_word' id='word_1_2' title='bbox 893 461 931 503; x_wconf 73' lang='grc' dir='ltr'><strong>ΒΕ</strong></span> <span class='ocrx_word' id='word_1_3' title='bbox 947 459 1090 503; x_wconf 75' lang='lat' dir='ltr'><strong>cattttartt</strong></span> 
     </span>
    </p>
   </div>
   <div class='ocr_carea' id='block_1_2' title="bbox 365 551 1595 820">
    <p class='ocr_par' dir='ltr' id='par_1_2' title="bbox 365 551 1595 820">
     <span class='ocr_line' id='line_1_2' title="bbox 365 551 1595 643; baseline -0.004 -20"><span class='ocrx_word' id='word_1_4' title='bbox 365 579 442 643; x_wconf 87' lang='lat' dir='ltr'><strong>quae</strong></span> <span class='ocrx_word' id='word_1_5' title='bbox 456 557 515 618; x_wconf 87' lang='lat' dir='ltr'><strong>sint</strong></span> <span class='ocrx_word' id='word_1_6' title='bbox 534 553 673 628; x_wconf 89' lang='lat' dir='ltr'><strong>notanda,</strong></span> <span class='ocrx_word' id='word_1_7' title='bbox 688 553 718 614; x_wconf 93' lang='lat' dir='ltr'><strong>in</strong></span> <span class='ocrx_word' id='word_1_8' title='bbox 734 553 862 614; x_wconf 85' lang='lat' dir='ltr'><strong>decursu</strong></span> <span class='ocrx_word' id='word_1_9' title='bbox 876 551 964 612; x_wconf 91' lang='lat' dir='ltr'><strong>istius</strong></span> <span class='ocrx_word' id='word_1_10' title='bbox 1005 561 1131 633; x_wconf 85' lang='lat' dir='ltr'><strong>quentes</strong></span> <span class='ocrx_word' id='word_1_11' title='bbox 1150 553 1188 615; x_wconf 89' lang='lat' dir='ltr'><strong>arl</strong></span> <span class='ocrx_word' id='word_1_12' title='bbox 1206 554 1374 632; x_wconf 82' lang='lat' dir='ltr'><strong>statuenda,</strong></span> <span class='ocrx_word' id='word_1_13' title='bbox 1397 571 1478 635; x_wconf 90' lang='lat' dir='ltr'><strong>quae</strong></span> <span class='ocrx_word' id='word_1_14' title='bbox 1493 553 1595 618; x_wconf 84' lang='lat' dir='ltr'><strong>veritati</strong></span> 
     </span>
     <span class='ocr_line' id='line_1_3' title="bbox 366 638 1595 720; baseline -0.008 -11"><span class='ocrx_word' id='word_1_15' title='bbox 366 640 550 710; x_wconf 71' lang='lat' dir='ltr'><strong>tractationis</strong></span> <span class='ocrx_word' id='word_1_16' title='bbox 566 641 595 700; x_wconf 94' lang='lat' dir='ltr'><strong>id</strong></span> <span class='ocrx_word' id='word_1_17' title='bbox 613 639 811 720; x_wconf 91' lang='lat' dir='ltr'><strong>opportunius</strong></span> <span class='ocrx_word' id='word_1_18' title='bbox 828 645 964 720; x_wconf 87' lang='lat' dir='ltr'><strong>praesta·</strong></span> <span class='ocrx_word' id='word_1_19' title='bbox 1005 657 1039 698; x_wconf 84' lang='lat' dir='ltr'><strong>ex</strong></span> <span class='ocrx_word' id='word_1_20' title='bbox 1057 638 1212 700; x_wconf 90' lang='lat' dir='ltr'><strong>communi</strong></span> <span class='ocrx_word' id='word_1_21' title='bbox 1230 639 1261 700; x_wconf 92' lang='lat' dir='ltr'><strong>in</strong></span> <span class='ocrx_word' id='word_1_22' title='bbox 1278 639 1391 700; x_wconf 90' lang='lat' dir='ltr'><strong>scholis</strong></span> <span class='ocrx_word' id='word_1_23' title='bbox 1411 649 1531 719; x_wconf 89' lang='lat' dir='ltr'><strong>recepta</strong></span> <span class='ocrx_word' id='word_1_24' title='bbox 1549 640 1595 699; x_wconf 91' lang='lat' dir='ltr'><strong>do·</strong></span> 
     </span>
     <span class='ocr_line' id='line_1_4' title="bbox 366 723 1426 820; baseline -0.009 -26"><span class='ocrx_word' id='word_1_25' title='bbox 366 732 485 795; x_wconf 72' lang='lat' dir='ltr'><strong>bimus</strong></span> <span class='ocrx_word' id='word_1_26' title='bbox 979 765 988 820; x_wconf 75' lang='lat' dir='ltr'><strong>p</strong></span> <span class='ocrx_word' id='word_1_27' title='bbox 1004 723 1102 785; x_wconf 92' lang='lat' dir='ltr'><strong>ctrina</strong></span> <span class='ocrx_word' id='word_1_28' title='bbox 1120 731 1426 807; x_wconf 10' lang='lat' dir='ltr'><strong>consentaneapsuut.</strong></span> 
     </span>
    </p>
   </div>
   <div class='ocr_carea' id='block_1_3' title="bbox 606 871 1412 937">
    <p class='ocr_par' dir='ltr' id='par_1_3' title="bbox 606 871 1412 937">
     <span class='ocr_line' id='line_1_5' title="bbox 606 871 1412 937; baseline 0.012 -11"><span class='ocrx_word' id='word_1_29' title='bbox 606 875 669 926; x_wconf 76' lang='lat' dir='ltr'><strong>Anu.</strong></span> <span class='ocrx_word' id='word_1_30' title='bbox 691 871 724 922; x_wconf 93' lang='lat' dir='ltr'><strong>ll.</strong></span> <span class='ocrx_word' id='word_1_31' title='bbox 1197 891 1373 937; x_wconf 81' lang='lat' dir='ltr'><strong>rnorosrrto</strong></span> <span class='ocrx_word' id='word_1_32' title='bbox 1387 892 1412 936; x_wconf 86' lang='lat'><strong>1.</strong></span> 
     </span>
    </p>
   </div>
   <div class='ocr_carea' id='block_1_4' title="bbox 468 961 1596 1053">
    <p class='ocr_par' dir='ltr' id='par_1_4' title="bbox 468 961 1596 1053">
     <span class='ocr_line' id='line_1_6' title="bbox 468 961 1596 1053; baseline 0.015 -30"><span class='ocrx_word' id='word_1_33' title='bbox 468 963 503 1013; x_wconf 71' lang='lat'><strong>0⁸</strong></span> <span class='ocrx_word' id='word_1_34' title='bbox 519 962 612 1012; x_wconf 57' lang='lat' dir='ltr'><strong>“mlii</strong></span> <span class='ocrx_word' id='word_1_35' title='bbox 628 962 731 1008; x_wconf 59' lang='lat' dir='ltr'><strong>“mm“</strong></span> <span class='ocrx_word' id='word_1_36' title='bbox 746 961 863 1022; x_wconf 57' lang='lat' dir='ltr'><strong>imm·</strong></span> <span class='ocrx_word' id='word_1_37' title='bbox 1006 991 1047 1044; x_wconf 71' lang='grc' dir='ltr'><strong>Λα</strong></span> <span class='ocrx_word' id='word_1_38' title='bbox 1070 992 1175 1041; x_wconf 77' lang='lat' dir='ltr'><strong>oclunlic</strong></span> <span class='ocrx_word' id='word_1_39' title='bbox 1199 994 1314 1041; x_wconf 70' lang='lat' dir='ltr'><strong>ceritati·</strong></span> <span class='ocrx_word' id='word_1_40' title='bbox 1336 992 1462 1053; x_wconf 72' lang='lat' dir='ltr'><strong>perfectae</strong></span> <span class='ocrx_word' id='word_1_41' title='bbox 1486 995 1596 1040; x_wconf 71' lang='lat' dir='ltr'><strong>emeliam</strong></span> 
     </span>
    </p>
   </div>
   <div class='ocr_carea' id='block_1_5' title="bbox 365 1058 1654 3932">
    <p class='ocr_par' dir='ltr' id='par_1_5' title="bbox 365 1058 1601 3339">
     <span class='ocr_line' id='line_1_7' title="bbox 409 1058 1597 1142; baseline -0.006 -14"><span class='ocrx_word' id='word_1_42' title='bbox 409 1067 480 1130; x_wconf 86' lang='grc'><strong>103.</strong></span> <span class='ocrx_word' id='word_1_43' title='bbox 508 1063 562 1124; x_wconf 92' lang='lat' dir='ltr'><strong>llic</strong></span> <span class='ocrx_word' id='word_1_44' title='bbox 578 1061 743 1140; x_wconf 82' lang='lat' dir='ltr'><strong>generatim</strong></span> <span class='ocrx_word' id='word_1_45' title='bbox 767 1080 846 1123; x_wconf 90' lang='lat' dir='ltr'><strong>nnnc</strong></span> <span class='ocrx_word' id='word_1_46' title='bbox 869 1077 966 1142; x_wconf 69' lang='lat' dir='ltr'><strong>quae=</strong></span> <span class='ocrx_word' id='word_1_47' title='bbox 1038 1064 1161 1139; x_wconf 64' lang='lat' dir='ltr'><strong>perurget,</strong></span> <span class='ocrx_word' id='word_1_48' title='bbox 1178 1063 1205 1108; x_wconf 70' lang='lat'><strong>¹⁴¹</strong></span> <span class='ocrx_word' id='word_1_49' title='bbox 1223 1058 1289 1109; x_wconf 69' lang='lat'><strong>⁰²¹⁸</strong></span> <span class='ocrx_word' id='word_1_50' title='bbox 1308 1066 1415 1124; x_wconf 70' lang='lat' dir='ltr'><strong>r¹⁰t³¹⁰r</strong></span> <span class='ocrx_word' id='word_1_51' title='bbox 1433 1073 1461 1107; x_wconf 60' lang='grc' dir='ltr'><strong>*θ</strong></span> <span class='ocrx_word' id='word_1_52' title='bbox 1478 1072 1513 1136; x_wconf 70' lang='lat'><strong>‚⁸⁰</strong></span> <span class='ocrx_word' id='word_1_53' title='bbox 1533 1074 1597 1121; x_wconf 73' lang='lat' dir='ltr'><strong>surer</strong></span> 
     </span>
     <span class='ocr_line' id='line_1_8' title="bbox 365 1129 1597 1246; baseline -0.004 -31"><span class='ocrx_word' id='word_1_54' title='bbox 365 1147 689 1230; x_wconf 86' lang='lat' dir='ltr'><strong>rilur,quotassignari</strong></span> <span class='ocrx_word' id='word_1_55' title='bbox 700 1165 735 1208; x_wconf 92' lang='lat' dir='ltr'><strong>ac</strong></span> <span class='ocrx_word' id='word_1_56' title='bbox 747 1145 888 1224; x_wconf 86' lang='lat' dir='ltr'><strong>distingui</strong></span> <span class='ocrx_word' id='word_1_57' title='bbox 899 1163 966 1226; x_wconf 91' lang='lat' dir='ltr'><strong>pos·</strong></span> <span class='ocrx_word' id='word_1_58' title='bbox 1040 1129 1179 1246; x_wconf 47' lang='lat' dir='ltr'><strong>ww</strong></span> <span class='ocrx_word' id='word_1_59' title='bbox 1196 1131 1231 1177; x_wconf 78' lang='lat'><strong>“¹</strong></span> <span class='ocrx_word' id='word_1_60' title='bbox 1250 1139 1336 1176; x_wconf 65' lang='lat' dir='ltr'><em>‘&#39;M&#39;‘</em></span> <span class='ocrx_word' id='word_1_61' title='bbox 1347 1129 1597 1190; x_wconf 54' lang='lat' dir='ltr'><strong>‘mmmmm&#39;</strong></span> 
     </span>
     <span class='ocr_line' id='line_1_9' title="bbox 366 1211 1170 1310; baseline -0.011 -11"><span class='ocrx_word' id='word_1_62' title='bbox 366 1238 427 1299; x_wconf 89' lang='lat' dir='ltr'><strong>sint</strong></span> <span class='ocrx_word' id='word_1_63' title='bbox 443 1231 552 1295; x_wconf 80' lang='lat' dir='ltr'><strong>divensi</strong></span> <span class='ocrx_word' id='word_1_64' title='bbox 570 1241 654 1292; x_wconf 89' lang='lat' dir='ltr'><strong>actus</strong></span> <span class='ocrx_word' id='word_1_65' title='bbox 672 1231 817 1305; x_wconf 87' lang='lat' dir='ltr'><strong>caritatis,</strong></span> <span class='ocrx_word' id='word_1_66' title='bbox 831 1229 883 1310; x_wconf 89' lang='lat' dir='ltr'><strong>qui</strong></span> <span class='ocrx_word' id='word_1_67' title='bbox 898 1228 967 1291; x_wconf 89' lang='lat' dir='ltr'><strong>elici</strong></span> <span class='ocrx_word' id='word_1_68' title='bbox 1078 1211 1117 1257; x_wconf 73' lang='lat'><strong>⁸⁹⁰</strong></span> <span class='ocrx_word' id='word_1_69' title='bbox 1129 1212 1145 1244; x_wconf 81' lang='lat'><strong>¹¹</strong></span> <span class='ocrx_word' id='word_1_70' title='bbox 1162 1231 1170 1246; x_wconf 88' lang='lat'>&#39;</span> 
     </span>
     <span class='ocr_line' id='line_1_10' title="bbox 367 1311 1595 1404; baseline -0.007 -22"><span class='ocrx_word' id='word_1_71' title='bbox 367 1325 500 1404; x_wconf 86' lang='lat' dir='ltr'><strong>possent,</strong></span> <span class='ocrx_word' id='word_1_72' title='bbox 518 1325 548 1378; x_wconf 91' lang='lat' dir='ltr'><strong>et</strong></span> <span class='ocrx_word' id='word_1_73' title='bbox 566 1333 713 1395; x_wconf 79' lang='lat' dir='ltr'><strong>quaenam</strong></span> <span class='ocrx_word' id='word_1_74' title='bbox 734 1314 770 1376; x_wconf 90' lang='lat' dir='ltr'><strong>de</strong></span> <span class='ocrx_word' id='word_1_75' title='bbox 791 1313 969 1376; x_wconf 87' lang='lat' dir='ltr'><strong>necessitate</strong></span> <span class='ocrx_word' id='word_1_76' title='bbox 1053 1315 1125 1378; x_wconf 83' lang='grc'><strong>106.</strong></span> <span class='ocrx_word' id='word_1_77' title='bbox 1145 1313 1187 1376; x_wconf 78' lang='lat' dir='ltr'><strong>Ex</strong></span> <span class='ocrx_word' id='word_1_78' title='bbox 1206 1311 1346 1395; x_wconf 85' lang='lat' dir='ltr'><strong>praeriis,</strong></span> <span class='ocrx_word' id='word_1_79' title='bbox 1365 1331 1446 1396; x_wconf 89' lang='lat' dir='ltr'><strong>quas</strong></span> <span class='ocrx_word' id='word_1_80' title='bbox 1465 1311 1595 1393; x_wconf 84' lang='lat' dir='ltr'><strong>dedimus,</strong></span> 
     </span>
     <span class='ocr_line' id='line_1_11' title="bbox 368 1398 1597 1480; baseline -0.008 -12"><span class='ocrx_word' id='word_1_81' title='bbox 368 1403 555 1468; x_wconf 91' lang='lat' dir='ltr'><strong>conditiones</strong></span> <span class='ocrx_word' id='word_1_82' title='bbox 566 1398 771 1480; x_wconf 85' lang='lat' dir='ltr'><strong>requirantur,</strong></span> <span class='ocrx_word' id='word_1_83' title='bbox 786 1407 818 1461; x_wconf 90' lang='lat' dir='ltr'><strong>ut</strong></span> <span class='ocrx_word' id='word_1_84' title='bbox 831 1399 905 1460; x_wconf 92' lang='lat' dir='ltr'><strong>tales</strong></span> <span class='ocrx_word' id='word_1_85' title='bbox 918 1398 971 1459; x_wconf 91' lang='lat' dir='ltr'><strong>ha·</strong></span> <span class='ocrx_word' id='word_1_86' title='bbox 1010 1399 1184 1462; x_wconf 88' lang='lat' dir='ltr'><strong>notionibus</strong></span> <span class='ocrx_word' id='word_1_87' title='bbox 1203 1398 1263 1460; x_wconf 92' lang='lat' dir='ltr'><strong>duo</strong></span> <span class='ocrx_word' id='word_1_88' title='bbox 1279 1406 1365 1475; x_wconf 88' lang='lat' dir='ltr'><strong>sunt,</strong></span> <span class='ocrx_word' id='word_1_89' title='bbox 1387 1415 1471 1479; x_wconf 88' lang='lat' dir='ltr'><strong>quae</strong></span> <span class='ocrx_word' id='word_1_90' title='bbox 1489 1398 1525 1459; x_wconf 90' lang='lat' dir='ltr'><strong>ad</strong></span> <span class='ocrx_word' id='word_1_91' title='bbox 1542 1417 1597 1479; x_wconf 89' lang='lat' dir='ltr'><strong>per·</strong></span> 
     </span>
     <span class='ocr_line' id='line_1_12' title="bbox 368 1481 1599 1552; baseline -0.007 0"><span class='ocrx_word' id='word_1_92' title='bbox 368 1489 434 1552; x_wconf 90' lang='lat' dir='ltr'><strong>beri</strong></span> <span class='ocrx_word' id='word_1_93' title='bbox 463 1486 602 1547; x_wconf 87' lang='lat' dir='ltr'><strong>debeant.</strong></span> <span class='ocrx_word' id='word_1_94' title='bbox 633 1481 716 1544; x_wconf 84' lang='lat' dir='ltr'><strong>lunta</strong></span> <span class='ocrx_word' id='word_1_95' title='bbox 744 1481 915 1544; x_wconf 87' lang='lat' dir='ltr'><strong>Suarezium</strong></span> <span class='ocrx_word' id='word_1_96' title='bbox 940 1483 972 1542; x_wconf 80' lang='lat' dir='ltr'><strong>l⁰</strong></span> <span class='ocrx_word' id='word_1_97' title='bbox 1011 1487 1119 1547; x_wconf 89' lang='lat' dir='ltr'><strong>lectam</strong></span> <span class='ocrx_word' id='word_1_98' title='bbox 1134 1484 1290 1545; x_wconf 89' lang='lat' dir='ltr'><strong>caritatem</strong></span> <span class='ocrx_word' id='word_1_99' title='bbox 1308 1481 1547 1545; x_wconf 85' lang='lat' dir='ltr'><strong>constituendam</strong></span> <span class='ocrx_word' id='word_1_100' title='bbox 1560 1501 1599 1543; x_wconf 89' lang='lat' dir='ltr'><strong>re-</strong></span> 
     </span>
     <span class='ocr_line' id='line_1_13' title="bbox 370 1566 1599 1652; baseline -0.007 -16"><span class='ocrx_word' id='word_1_101' title='bbox 370 1583 484 1636; x_wconf 91' lang='lat' dir='ltr'><strong>certum</strong></span> <span class='ocrx_word' id='word_1_102' title='bbox 503 1577 663 1646; x_wconf 86' lang='lat' dir='ltr'><strong>ratumque</strong></span> <span class='ocrx_word' id='word_1_103' title='bbox 682 1575 737 1644; x_wconf 90' lang='lat' dir='ltr'><strong>est,</strong></span> <span class='ocrx_word' id='word_1_104' title='bbox 759 1567 905 1647; x_wconf 91' lang='lat' dir='ltr'><strong>optimum</strong></span> <span class='ocrx_word' id='word_1_105' title='bbox 923 1585 973 1628; x_wconf 89' lang='lat' dir='ltr'><strong>ca·</strong></span> <span class='ocrx_word' id='word_1_106' title='bbox 1012 1571 1185 1652; x_wconf 89' lang='lat' dir='ltr'><strong>quiruntor,</strong></span> <span class='ocrx_word' id='word_1_107' title='bbox 1202 1586 1309 1648; x_wconf 87' lang='lat' dir='ltr'><strong>nempe</strong></span> <span class='ocrx_word' id='word_1_108' title='bbox 1326 1585 1415 1630; x_wconf 86' lang='lat' dir='ltr'><strong>amor</strong></span> <span class='ocrx_word' id='word_1_109' title='bbox 1430 1566 1482 1628; x_wconf 86' lang='lat' dir='ltr'><strong>[lei</strong></span> <span class='ocrx_word' id='word_1_110' title='bbox 1499 1575 1599 1647; x_wconf 87' lang='lat' dir='ltr'><strong>propter</strong></span> 
     </span>
     <span class='ocr_line' id='line_1_14' title="bbox 370 1650 1601 1733; baseline -0.006 -14"><span class='ocrx_word' id='word_1_111' title='bbox 370 1656 467 1720; x_wconf 88' lang='lat' dir='ltr'><strong>ritatis</strong></span> <span class='ocrx_word' id='word_1_112' title='bbox 490 1662 589 1714; x_wconf 90' lang='lat' dir='ltr'><strong>actum</strong></span> <span class='ocrx_word' id='word_1_113' title='bbox 610 1651 715 1713; x_wconf 87' lang='lat' dir='ltr'><strong>haberi</strong></span> <span class='ocrx_word' id='word_1_114' title='bbox 731 1670 765 1713; x_wconf 86' lang='lat' dir='ltr'><strong>ex</strong></span> <span class='ocrx_word' id='word_1_115' title='bbox 778 1661 861 1732; x_wconf 87' lang='lat' dir='ltr'><strong>parte</strong></span> <span class='ocrx_word' id='word_1_116' title='bbox 877 1650 970 1729; x_wconf 88' lang='lat' dir='ltr'><strong>illius,</strong></span> <span class='ocrx_word' id='word_1_117' title='bbox 1012 1674 1063 1733; x_wconf 91' lang='lat' dir='ltr'><strong>se,</strong></span> <span class='ocrx_word' id='word_1_118' title='bbox 1085 1662 1115 1716; x_wconf 87' lang='lat' dir='ltr'><strong>et</strong></span> <span class='ocrx_word' id='word_1_119' title='bbox 1136 1670 1222 1714; x_wconf 90' lang='lat' dir='ltr'><strong>amor</strong></span> <span class='ocrx_word' id='word_1_120' title='bbox 1249 1652 1303 1714; x_wconf 82' lang='lat' dir='ltr'><strong>llei</strong></span> <span class='ocrx_word' id='word_1_121' title='bbox 1332 1669 1426 1733; x_wconf 88' lang='lat' dir='ltr'><strong>super</strong></span> <span class='ocrx_word' id='word_1_122' title='bbox 1451 1650 1556 1714; x_wconf 91' lang='lat' dir='ltr'><strong>omnia.</strong></span> <span class='ocrx_word' id='word_1_123' title='bbox 1573 1651 1601 1712; x_wconf 87' lang='lat' dir='ltr'><strong>lt</strong></span> 
     </span>
     <span class='ocr_line' id='line_1_15' title="bbox 371 1734 1599 1824; baseline -0.007 -21"><span class='ocrx_word' id='word_1_124' title='bbox 371 1742 425 1824; x_wconf 88' lang='lat' dir='ltr'><strong>qui</strong></span> <span class='ocrx_word' id='word_1_125' title='bbox 462 1739 554 1800; x_wconf 87' lang='lat' dir='ltr'><strong>ileum</strong></span> <span class='ocrx_word' id='word_1_126' title='bbox 589 1735 693 1812; x_wconf 86' lang='lat' dir='ltr'><strong>diligat</strong></span> <span class='ocrx_word' id='word_1_127' title='bbox 724 1753 816 1817; x_wconf 89' lang='lat' dir='ltr'><strong>super</strong></span> <span class='ocrx_word' id='word_1_128' title='bbox 850 1735 971 1812; x_wconf 91' lang='lat' dir='ltr'><strong>omnia,</strong></span> <span class='ocrx_word' id='word_1_129' title='bbox 1014 1739 1144 1820; x_wconf 87' lang='lat' dir='ltr'><strong>primum</strong></span> <span class='ocrx_word' id='word_1_130' title='bbox 1156 1736 1230 1798; x_wconf 86' lang='lat' dir='ltr'><strong>satis</strong></span> <span class='ocrx_word' id='word_1_131' title='bbox 1247 1735 1450 1812; x_wconf 87' lang='lat' dir='ltr'><strong>ostendimus,</strong></span> <span class='ocrx_word' id='word_1_132' title='bbox 1471 1735 1538 1797; x_wconf 90' lang='lat' dir='ltr'><strong>dum</strong></span> <span class='ocrx_word' id='word_1_133' title='bbox 1553 1734 1599 1810; x_wconf 87' lang='lat' dir='ltr'><strong>egi·</strong></span> 
     </span>
     <span class='ocr_line' id='line_1_16' title="bbox 372 1818 1599 1908; baseline -0.006 -21"><span class='ocrx_word' id='word_1_134' title='bbox 372 1833 461 1908; x_wconf 87' lang='lat' dir='ltr'><strong>prout</strong></span> <span class='ocrx_word' id='word_1_135' title='bbox 489 1832 520 1884; x_wconf 90' lang='lat' dir='ltr'><strong>et</strong></span> <span class='ocrx_word' id='word_1_136' title='bbox 547 1839 601 1882; x_wconf 91' lang='lat' dir='ltr'><strong>nos</strong></span> <span class='ocrx_word' id='word_1_137' title='bbox 631 1820 720 1901; x_wconf 91' lang='lat' dir='ltr'><strong>paulo</strong></span> <span class='ocrx_word' id='word_1_138' title='bbox 750 1828 819 1882; x_wconf 89' lang='lat' dir='ltr'><strong>ante</strong></span> <span class='ocrx_word' id='word_1_139' title='bbox 850 1819 973 1882; x_wconf 81' lang='lat' dir='ltr'><strong>mortui·</strong></span> <span class='ocrx_word' id='word_1_140' title='bbox 1016 1843 1082 1885; x_wconf 92' lang='lat' dir='ltr'><strong>mus</strong></span> <span class='ocrx_word' id='word_1_141' title='bbox 1114 1822 1152 1884; x_wconf 90' lang='lat' dir='ltr'><strong>de</strong></span> <span class='ocrx_word' id='word_1_142' title='bbox 1185 1821 1303 1884; x_wconf 90' lang='lat' dir='ltr'><strong>obiecto</strong></span> <span class='ocrx_word' id='word_1_143' title='bbox 1332 1820 1456 1882; x_wconf 84' lang='lat' dir='ltr'><strong>formali</strong></span> <span class='ocrx_word' id='word_1_144' title='bbox 1487 1818 1599 1881; x_wconf 87' lang='lat' dir='ltr'><strong>caritatis</strong></span> 
     </span>
     <span class='ocr_line' id='line_1_17' title="bbox 373 1903 1598 1990; baseline -0.007 -18"><span class='ocrx_word' id='word_1_145' title='bbox 373 1929 455 1986; x_wconf 86' lang='lat' dir='ltr'><strong>mus,</strong></span> <span class='ocrx_word' id='word_1_146' title='bbox 477 1916 609 1969; x_wconf 86' lang='lat' dir='ltr'><strong>attamen</strong></span> <span class='ocrx_word' id='word_1_147' title='bbox 635 1903 813 1987; x_wconf 91' lang='lat' dir='ltr'><strong>simpliciter</strong></span> <span class='ocrx_word' id='word_1_148' title='bbox 834 1913 864 1967; x_wconf 91' lang='lat' dir='ltr'><strong>et</strong></span> <span class='ocrx_word' id='word_1_149' title='bbox 883 1905 975 1966; x_wconf 89' lang='lat' dir='ltr'><strong>abso·</strong></span> <span class='ocrx_word' id='word_1_150' title='bbox 1016 1927 1082 1990; x_wconf 91' lang='lat' dir='ltr'><strong>cap.</strong></span> <span class='ocrx_word' id='word_1_151' title='bbox 1103 1923 1139 1985; x_wconf 63' lang='lat' dir='ltr'><strong>ug</strong></span> <span class='ocrx_word' id='word_1_152' title='bbox 1156 1913 1214 1968; x_wconf 88' lang='lat' dir='ltr'><strong>art.</strong></span> <span class='ocrx_word' id='word_1_153' title='bbox 1234 1903 1533 1985; x_wconf 61' lang='lat' dir='ltr'><strong>altercatorum</strong></span> <span class='ocrx_word' id='word_1_154' title='bbox 1552 1913 1598 1964; x_wconf 85' lang='lat' dir='ltr'><strong>tra·</strong></span> 
     </span>
     <span class='ocr_line' id='line_1_18' title="bbox 373 1986 1600 2073; baseline -0.009 -16"><span class='ocrx_word' id='word_1_155' title='bbox 373 1997 436 2057; x_wconf 86' lang='lat' dir='ltr'><strong>lule</strong></span> <span class='ocrx_word' id='word_1_156' title='bbox 455 1989 659 2054; x_wconf 87' lang='lat' dir='ltr'><strong>necessarium</strong></span> <span class='ocrx_word' id='word_1_157' title='bbox 678 2007 738 2050; x_wconf 88' lang='lat' dir='ltr'><strong>non</strong></span> <span class='ocrx_word' id='word_1_158' title='bbox 756 2007 822 2052; x_wconf 91' lang='lat' dir='ltr'><strong>esse</strong></span> <span class='ocrx_word' id='word_1_159' title='bbox 840 1989 871 2050; x_wconf 94' lang='lat' dir='ltr'><strong>in</strong></span> <span class='ocrx_word' id='word_1_160' title='bbox 894 1987 977 2051; x_wconf 92' lang='lat' dir='ltr'><strong>omni</strong></span> <span class='ocrx_word' id='word_1_161' title='bbox 1017 2002 1115 2054; x_wconf 88' lang='lat' dir='ltr'><strong>ctatus</strong></span> <span class='ocrx_word' id='word_1_162' title='bbox 1136 2000 1232 2073; x_wconf 87' lang='lat' dir='ltr'><strong>parte,</strong></span> <span class='ocrx_word' id='word_1_163' title='bbox 1253 1999 1343 2072; x_wconf 83' lang='lat' dir='ltr'><strong>atque</strong></span> <span class='ocrx_word' id='word_1_164' title='bbox 1362 1989 1399 2052; x_wconf 92' lang='lat' dir='ltr'><strong>de</strong></span> <span class='ocrx_word' id='word_1_165' title='bbox 1416 1989 1532 2052; x_wconf 92' lang='lat' dir='ltr'><strong>obiecto</strong></span> <span class='ocrx_word' id='word_1_166' title='bbox 1550 1986 1600 2068; x_wconf 88' lang='lat' dir='ltr'><strong>spei</strong></span> 
     </span>
     <span class='ocr_line' id='line_1_19' title="bbox 374 2071 1599 2158; baseline -0.011 -15"><span class='ocrx_word' id='word_1_167' title='bbox 374 2091 479 2143; x_wconf 83' lang='lat' dir='ltr'><strong>aurore</strong></span> <span class='ocrx_word' id='word_1_168' title='bbox 503 2076 554 2138; x_wconf 88' lang='lat' dir='ltr'><strong>llei</strong></span> <span class='ocrx_word' id='word_1_169' title='bbox 578 2093 612 2136; x_wconf 88' lang='lat' dir='ltr'><strong>ex</strong></span> <span class='ocrx_word' id='word_1_170' title='bbox 631 2077 755 2136; x_wconf 87' lang='lat' dir='ltr'><strong>caritate</strong></span> <span class='ocrx_word' id='word_1_171' title='bbox 774 2073 923 2136; x_wconf 92' lang='lat' dir='ltr'><strong>eiusmodi</strong></span> <span class='ocrx_word' id='word_1_172' title='bbox 942 2094 978 2136; x_wconf 91' lang='lat' dir='ltr'><strong>a·</strong></span> <span class='ocrx_word' id='word_1_173' title='bbox 1019 2097 1085 2158; x_wconf 90' lang='lat' dir='ltr'><strong>cap.</strong></span> <span class='ocrx_word' id='word_1_174' title='bbox 1113 2095 1152 2152; x_wconf 92' lang='lat' dir='ltr'><strong>n,</strong></span> <span class='ocrx_word' id='word_1_175' title='bbox 1176 2084 1234 2138; x_wconf 83' lang='lat' dir='ltr'><strong>art.</strong></span> <span class='ocrx_word' id='word_1_176' title='bbox 1258 2075 1277 2136; x_wconf 74' lang='lat'><strong>2</strong></span> <span class='ocrx_word' id='word_1_177' title='bbox 1298 2077 1338 2138; x_wconf 84' lang='lat' dir='ltr'><strong>lle</strong></span> <span class='ocrx_word' id='word_1_178' title='bbox 1358 2093 1411 2155; x_wconf 86' lang='lat' dir='ltr'><strong>spe</strong></span> <span class='ocrx_word' id='word_1_179' title='bbox 1435 2073 1467 2135; x_wconf 92' lang='lat' dir='ltr'><strong>in</strong></span> <span class='ocrx_word' id='word_1_180' title='bbox 1492 2071 1599 2134; x_wconf 87' lang='lat' dir='ltr'><strong>secunda</strong></span> 
     </span>
     <span class='ocr_line' id='line_1_20' title="bbox 376 2154 1598 2243; baseline -0.011 -16"><span class='ocrx_word' id='word_1_181' title='bbox 376 2173 457 2227; x_wconf 88' lang='lat' dir='ltr'><strong>ctum</strong></span> <span class='ocrx_word' id='word_1_182' title='bbox 471 2159 615 2242; x_wconf 88' lang='lat' dir='ltr'><strong>reperiri;</strong></span> <span class='ocrx_word' id='word_1_183' title='bbox 635 2159 784 2240; x_wconf 89' lang='lat' dir='ltr'><strong>siquidem</strong></span> <span class='ocrx_word' id='word_1_184' title='bbox 800 2159 909 2221; x_wconf 90' lang='lat' dir='ltr'><strong>dantur</strong></span> <span class='ocrx_word' id='word_1_185' title='bbox 928 2159 979 2220; x_wconf 88' lang='lat' dir='ltr'><strong>alii</strong></span> <span class='ocrx_word' id='word_1_186' title='bbox 1021 2170 1114 2243; x_wconf 89' lang='lat' dir='ltr'><strong>parte.</strong></span> <span class='ocrx_word' id='word_1_187' title='bbox 1135 2159 1197 2222; x_wconf 90' lang='lat' dir='ltr'><strong>lloc</strong></span> <span class='ocrx_word' id='word_1_188' title='bbox 1213 2161 1279 2222; x_wconf 91' lang='lat' dir='ltr'><strong>loco</strong></span> <span class='ocrx_word' id='word_1_189' title='bbox 1298 2159 1491 2241; x_wconf 90' lang='lat' dir='ltr'><strong>potissimum</strong></span> <span class='ocrx_word' id='word_1_190' title='bbox 1505 2154 1598 2218; x_wconf 88' lang='lat' dir='ltr'><strong>ostendi</strong></span> 
     </span>
     <span class='ocr_line' id='line_1_21' title="bbox 376 2240 1600 2326; baseline -0.011 -15"><span class='ocrx_word' id='word_1_191' title='bbox 376 2257 461 2312; x_wconf 88' lang='lat' dir='ltr'><strong>actus</strong></span> <span class='ocrx_word' id='word_1_192' title='bbox 477 2243 644 2326; x_wconf 77' lang='lat' dir='ltr'><strong>imperfecti</strong></span> <span class='ocrx_word' id='word_1_193' title='bbox 660 2243 804 2321; x_wconf 84' lang='lat' dir='ltr'><strong>caritatis,</strong></span> <span class='ocrx_word' id='word_1_194' title='bbox 821 2244 890 2306; x_wconf 88' lang='lat' dir='ltr'><strong>licet</strong></span> <span class='ocrx_word' id='word_1_195' title='bbox 902 2243 981 2306; x_wconf 83' lang='lat' dir='ltr'><strong>lleus</strong></span> <span class='ocrx_word' id='word_1_196' title='bbox 1020 2246 1129 2323; x_wconf 88' lang='lat' dir='ltr'><strong>debet,</strong></span> <span class='ocrx_word' id='word_1_197' title='bbox 1148 2264 1283 2307; x_wconf 80' lang='lat' dir='ltr'><strong>arnonem</strong></span> <span class='ocrx_word' id='word_1_198' title='bbox 1305 2263 1341 2305; x_wconf 87' lang='lat' dir='ltr'><strong>ex</strong></span> <span class='ocrx_word' id='word_1_199' title='bbox 1368 2244 1481 2305; x_wconf 82' lang='lat' dir='ltr'><strong>motivo</strong></span> <span class='ocrx_word' id='word_1_200' title='bbox 1506 2240 1600 2301; x_wconf 80' lang='lat' dir='ltr'><strong>diuinae</strong></span> 
     </span>
     <span class='ocr_line' id='line_1_22' title="bbox 377 2324 1597 2412; baseline -0.011 -17"><span class='ocrx_word' id='word_1_201' title='bbox 377 2349 469 2412; x_wconf 89' lang='lat' dir='ltr'><strong>super</strong></span> <span class='ocrx_word' id='word_1_202' title='bbox 495 2329 597 2391; x_wconf 88' lang='lat' dir='ltr'><strong>ornnia</strong></span> <span class='ocrx_word' id='word_1_203' title='bbox 620 2345 681 2388; x_wconf 92' lang='lat' dir='ltr'><strong>non</strong></span> <span class='ocrx_word' id='word_1_204' title='bbox 699 2327 850 2406; x_wconf 87' lang='lat' dir='ltr'><strong>diligatur:</strong></span> <span class='ocrx_word' id='word_1_205' title='bbox 876 2328 981 2390; x_wconf 90' lang='lat' dir='ltr'><strong>cuius·</strong></span> <span class='ocrx_word' id='word_1_206' title='bbox 1022 2329 1165 2392; x_wconf 88' lang='lat' dir='ltr'><strong>bonitalis</strong></span> <span class='ocrx_word' id='word_1_207' title='bbox 1193 2337 1371 2411; x_wconf 90' lang='lat' dir='ltr'><strong>conceptum</strong></span> <span class='ocrx_word' id='word_1_208' title='bbox 1403 2346 1472 2390; x_wconf 87' lang='lat' dir='ltr'><strong>esse</strong></span> <span class='ocrx_word' id='word_1_209' title='bbox 1499 2324 1597 2388; x_wconf 91' lang='lat' dir='ltr'><strong>omnino</strong></span> 
     </span>
     <span class='ocr_line' id='line_1_23' title="bbox 379 2408 1598 2494; baseline -0.007 -17"><span class='ocrx_word' id='word_1_210' title='bbox 379 2415 461 2478; x_wconf 92' lang='lat' dir='ltr'><strong>modi</strong></span> <span class='ocrx_word' id='word_1_211' title='bbox 485 2412 607 2494; x_wconf 90' lang='lat' dir='ltr'><strong>qnidam</strong></span> <span class='ocrx_word' id='word_1_212' title='bbox 627 2420 727 2472; x_wconf 89' lang='lat' dir='ltr'><strong>essent</strong></span> <span class='ocrx_word' id='word_1_213' title='bbox 744 2419 828 2473; x_wconf 92' lang='lat' dir='ltr'><strong>actus</strong></span> <span class='ocrx_word' id='word_1_214' title='bbox 845 2413 982 2493; x_wconf 83' lang='lat' dir='ltr'><strong>comple·</strong></span> <span class='ocrx_word' id='word_1_215' title='bbox 1022 2415 1132 2477; x_wconf 90' lang='lat' dir='ltr'><strong>debere</strong></span> <span class='ocrx_word' id='word_1_216' title='bbox 1150 2433 1239 2494; x_wconf 85' lang='lat' dir='ltr'><strong>super</strong></span> <span class='ocrx_word' id='word_1_217' title='bbox 1256 2414 1375 2490; x_wconf 84' lang='lat' dir='ltr'><strong>cronio,</strong></span> <span class='ocrx_word' id='word_1_218' title='bbox 1397 2431 1453 2475; x_wconf 90' lang='lat' dir='ltr'><strong>seu</strong></span> <span class='ocrx_word' id='word_1_219' title='bbox 1472 2408 1598 2492; x_wconf 88' lang='lat' dir='ltr'><strong>appretia-</strong></span> 
     </span>
     <span class='ocr_line' id='line_1_24' title="bbox 379 2492 1596 2577; baseline -0.011 -14"><span class='ocrx_word' id='word_1_220' title='bbox 379 2499 496 2563; x_wconf 90' lang='lat' dir='ltr'><strong>centiae</strong></span> <span class='ocrx_word' id='word_1_221' title='bbox 515 2506 545 2558; x_wconf 90' lang='lat' dir='ltr'><strong>et</strong></span> <span class='ocrx_word' id='word_1_222' title='bbox 563 2495 788 2558; x_wconf 84' lang='lat' dir='ltr'><strong>benevolentiae</strong></span> <span class='ocrx_word' id='word_1_223' title='bbox 807 2495 900 2557; x_wconf 82' lang='lat' dir='ltr'><strong>eliciti</strong></span> <span class='ocrx_word' id='word_1_224' title='bbox 916 2496 984 2577; x_wconf 90' lang='lat' dir='ltr'><strong>qui·</strong></span> <span class='ocrx_word' id='word_1_225' title='bbox 1023 2500 1081 2564; x_wconf 87' lang='lat' dir='ltr'><strong>tire</strong></span> <span class='ocrx_word' id='word_1_226' title='bbox 1093 2518 1256 2577; x_wconf 87' lang='lat' dir='ltr'><strong>summum,</strong></span> <span class='ocrx_word' id='word_1_227' title='bbox 1272 2507 1305 2560; x_wconf 94' lang='lat' dir='ltr'><strong>ut</strong></span> <span class='ocrx_word' id='word_1_228' title='bbox 1316 2497 1428 2560; x_wconf 87' lang='lat' dir='ltr'><strong>caritas</strong></span> <span class='ocrx_word' id='word_1_229' title='bbox 1443 2492 1596 2575; x_wconf 89' lang='lat' dir='ltr'><strong>essepossit.</strong></span> 
     </span>
     <span class='ocr_line' id='line_1_25' title="bbox 381 2579 1598 2662; baseline -0.01 -16"><span class='ocrx_word' id='word_1_230' title='bbox 381 2585 449 2646; x_wconf 92' lang='lat' dir='ltr'><strong>dem</strong></span> <span class='ocrx_word' id='word_1_231' title='bbox 469 2601 503 2644; x_wconf 84' lang='lat' dir='ltr'><strong>er</strong></span> <span class='ocrx_word' id='word_1_232' title='bbox 523 2581 632 2642; x_wconf 82' lang='lat' dir='ltr'><strong>motivo</strong></span> <span class='ocrx_word' id='word_1_233' title='bbox 651 2579 795 2658; x_wconf 79' lang='lat' dir='ltr'><strong>caritatiS,</strong></span> <span class='ocrx_word' id='word_1_234' title='bbox 816 2580 868 2661; x_wconf 91' lang='lat' dir='ltr'><strong>qui</strong></span> <span class='ocrx_word' id='word_1_235' title='bbox 885 2589 984 2644; x_wconf 87' lang='lat' dir='ltr'><strong>lamen</strong></span> <span class='ocrx_word' id='word_1_236' title='bbox 1068 2585 1140 2647; x_wconf 81' lang='lat' dir='ltr'><strong>tOt.</strong></span> <span class='ocrx_word' id='word_1_237' title='bbox 1159 2582 1232 2645; x_wconf 86' lang='lat' dir='ltr'><strong>Nam</strong></span> <span class='ocrx_word' id='word_1_238' title='bbox 1257 2582 1295 2645; x_wconf 93' lang='lat' dir='ltr'><strong>ad</strong></span> <span class='ocrx_word' id='word_1_239' title='bbox 1316 2581 1452 2644; x_wconf 90' lang='lat' dir='ltr'><strong>caritatis</strong></span> <span class='ocrx_word' id='word_1_240' title='bbox 1477 2579 1598 2662; x_wconf 77' lang='lat' dir='ltr'><strong>perfectae</strong></span> 
     </span>
     <span class='ocr_line' id='line_1_26' title="bbox 382 2659 1597 2750; baseline -0.01 -19"><span class='ocrx_word' id='word_1_241' title='bbox 382 2688 443 2731; x_wconf 95' lang='lat' dir='ltr'><strong>non</strong></span> <span class='ocrx_word' id='word_1_242' title='bbox 475 2673 636 2744; x_wconf 89' lang='lat' dir='ltr'><strong>assurgunt</strong></span> <span class='ocrx_word' id='word_1_243' title='bbox 666 2683 762 2746; x_wconf 89' lang='lat' dir='ltr'><strong>usque</strong></span> <span class='ocrx_word' id='word_1_244' title='bbox 787 2665 825 2727; x_wconf 89' lang='lat' dir='ltr'><strong>ad</strong></span> <span class='ocrx_word' id='word_1_245' title='bbox 849 2683 984 2728; x_wconf 90' lang='lat' dir='ltr'><strong>amorem</strong></span> <span class='ocrx_word' id='word_1_246' title='bbox 1025 2668 1185 2731; x_wconf 86' lang='lat' dir='ltr'><strong>essentiam</strong></span> <span class='ocrx_word' id='word_1_247' title='bbox 1205 2667 1333 2750; x_wconf 88' lang='lat' dir='ltr'><strong>pertinet</strong></span> <span class='ocrx_word' id='word_1_248' title='bbox 1352 2675 1384 2728; x_wconf 93' lang='lat' dir='ltr'><strong>ut</strong></span> <span class='ocrx_word' id='word_1_249' title='bbox 1403 2665 1482 2727; x_wconf 86' lang='lat' dir='ltr'><strong>lleus</strong></span> <span class='ocrx_word' id='word_1_250' title='bbox 1499 2681 1531 2725; x_wconf 94' lang='lat' dir='ltr'><strong>eo</strong></span> <span class='ocrx_word' id='word_1_251' title='bbox 1546 2659 1597 2721; x_wconf 90' lang='lat' dir='ltr'><strong>dili·</strong></span> 
     </span>
     <span class='ocr_line' id='line_1_27' title="bbox 382 2745 1598 2834; baseline -0.012 -18"><span class='ocrx_word' id='word_1_252' title='bbox 382 2771 475 2834; x_wconf 89' lang='lat' dir='ltr'><strong>super</strong></span> <span class='ocrx_word' id='word_1_253' title='bbox 493 2752 606 2812; x_wconf 89' lang='lat' dir='ltr'><strong>omnia.</strong></span> <span class='ocrx_word' id='word_1_254' title='bbox 628 2749 660 2810; x_wconf 71' lang='lat'><strong>2⁰</strong></span> <span class='ocrx_word' id='word_1_255' title='bbox 677 2748 726 2811; x_wconf 87' lang='lat' dir='ltr'><strong>Sic</strong></span> <span class='ocrx_word' id='word_1_256' title='bbox 748 2758 832 2812; x_wconf 89' lang='lat' dir='ltr'><strong>artus</strong></span> <span class='ocrx_word' id='word_1_257' title='bbox 853 2751 986 2814; x_wconf 88' lang='lat' dir='ltr'><strong>caritatis</strong></span> <span class='ocrx_word' id='word_1_258' title='bbox 1026 2761 1114 2833; x_wconf 89' lang='lat' dir='ltr'><strong>gatnr</strong></span> <span class='ocrx_word' id='word_1_259' title='bbox 1131 2752 1220 2814; x_wconf 92' lang='lat' dir='ltr'><strong>modo</strong></span> <span class='ocrx_word' id='word_1_260' title='bbox 1236 2752 1288 2833; x_wconf 90' lang='lat' dir='ltr'><strong>qui</strong></span> <span class='ocrx_word' id='word_1_261' title='bbox 1306 2750 1489 2832; x_wconf 90' lang='lat' dir='ltr'><strong>respondeat</strong></span> <span class='ocrx_word' id='word_1_262' title='bbox 1507 2745 1598 2806; x_wconf 86' lang='lat' dir='ltr'><strong>divinae</strong></span> 
     </span>
     <span class='ocr_line' id='line_1_28' title="bbox 384 2831 1596 2918; baseline -0.012 -17"><span class='ocrx_word' id='word_1_263' title='bbox 384 2852 431 2901; x_wconf 89' lang='lat' dir='ltr'><strong>est</strong></span> <span class='ocrx_word' id='word_1_264' title='bbox 454 2835 635 2898; x_wconf 86' lang='lat' dir='ltr'><strong>desiderium</strong></span> <span class='ocrx_word' id='word_1_265' title='bbox 663 2833 734 2896; x_wconf 91' lang='lat' dir='ltr'><strong>boni</strong></span> <span class='ocrx_word' id='word_1_266' title='bbox 754 2833 846 2896; x_wconf 85' lang='lat' dir='ltr'><strong>divini</strong></span> <span class='ocrx_word' id='word_1_267' title='bbox 865 2845 987 2918; x_wconf 90' lang='lat' dir='ltr'><strong>propter</strong></span> <span class='ocrx_word' id='word_1_268' title='bbox 1029 2838 1165 2915; x_wconf 88' lang='lat' dir='ltr'><strong>bonitati,</strong></span> <span class='ocrx_word' id='word_1_269' title='bbox 1190 2837 1229 2899; x_wconf 94' lang='lat' dir='ltr'><strong>ob</strong></span> <span class='ocrx_word' id='word_1_270' title='bbox 1248 2855 1337 2917; x_wconf 89' lang='lat' dir='ltr'><strong>quam</strong></span> <span class='ocrx_word' id='word_1_271' title='bbox 1356 2835 1442 2896; x_wconf 92' lang='lat' dir='ltr'><strong>illum</strong></span> <span class='ocrx_word' id='word_1_272' title='bbox 1461 2831 1596 2908; x_wconf 87' lang='lat' dir='ltr'><strong>diligimus.</strong></span> 
     </span>
     <span class='ocr_line' id='line_1_29' title="bbox 387 2915 1599 3003; baseline -0.012 -18"><span class='ocrx_word' id='word_1_273' title='bbox 387 2942 420 2985; x_wconf 90' lang='lat' dir='ltr'><strong>se</strong></span> <span class='ocrx_word' id='word_1_274' title='bbox 436 2921 549 2984; x_wconf 91' lang='lat' dir='ltr'><strong>dilecti.</strong></span> <span class='ocrx_word' id='word_1_275' title='bbox 567 2921 598 2982; x_wconf 68' lang='grc' dir='ltr'><strong>3ο</strong></span> <span class='ocrx_word' id='word_1_276' title='bbox 612 2918 684 2980; x_wconf 87' lang='lat' dir='ltr'><strong>ltem</strong></span> <span class='ocrx_word' id='word_1_277' title='bbox 699 2919 841 2996; x_wconf 84' lang='lat' dir='ltr'><strong>gaudium</strong></span> <span class='ocrx_word' id='word_1_278' title='bbox 854 2921 987 2983; x_wconf 89' lang='lat' dir='ltr'><strong>debonis</strong></span> <span class='ocrx_word' id='word_1_279' title='bbox 1028 2922 1089 2984; x_wconf 89' lang='lat' dir='ltr'><strong>lam</strong></span> <span class='ocrx_word' id='word_1_280' title='bbox 1107 2940 1177 2984; x_wconf 79' lang='lat' dir='ltr'><strong>vero</strong></span> <span class='ocrx_word' id='word_1_281' title='bbox 1195 2940 1231 2982; x_wconf 94' lang='lat' dir='ltr'><strong>eo</strong></span> <span class='ocrx_word' id='word_1_282' title='bbox 1250 2921 1327 3003; x_wconf 89' lang='lat' dir='ltr'><strong>ipso,</strong></span> <span class='ocrx_word' id='word_1_283' title='bbox 1344 2919 1428 3000; x_wconf 88' lang='lat' dir='ltr'><strong>quod</strong></span> <span class='ocrx_word' id='word_1_284' title='bbox 1441 2917 1533 2979; x_wconf 88' lang='lat' dir='ltr'><strong>divina</strong></span> <span class='ocrx_word' id='word_1_285' title='bbox 1544 2915 1599 2973; x_wconf 86' lang='lat' dir='ltr'><strong>haee</strong></span> 
     </span>
     <span class='ocr_line' id='line_1_30' title="bbox 386 2994 1599 3089; baseline -0.012 -20"><span class='ocrx_word' id='word_1_286' title='bbox 386 3007 439 3069; x_wconf 88' lang='lat' dir='ltr'><strong>Dei</strong></span> <span class='ocrx_word' id='word_1_287' title='bbox 459 3016 580 3088; x_wconf 87' lang='lat' dir='ltr'><strong>propter</strong></span> <span class='ocrx_word' id='word_1_288' title='bbox 596 3003 706 3085; x_wconf 88' lang='lat' dir='ltr'><strong>ipsum.</strong></span> <span class='ocrx_word' id='word_1_289' title='bbox 724 3005 757 3064; x_wconf 72' lang='lat'><strong>4⁰</strong></span> <span class='ocrx_word' id='word_1_290' title='bbox 771 3005 861 3067; x_wconf 86' lang='lat' dir='ltr'><strong>Actus</strong></span> <span class='ocrx_word' id='word_1_291' title='bbox 876 3005 989 3086; x_wconf 90' lang='lat' dir='ltr'><strong>pariter</strong></span> <span class='ocrx_word' id='word_1_292' title='bbox 1028 3007 1147 3089; x_wconf 86' lang='lat' dir='ltr'><strong>bonitas</strong></span> <span class='ocrx_word' id='word_1_293' title='bbox 1162 3005 1277 3067; x_wconf 86' lang='lat' dir='ltr'><strong>infinita</strong></span> <span class='ocrx_word' id='word_1_294' title='bbox 1295 3005 1334 3066; x_wconf 88' lang='lat' dir='ltr'><strong>sit</strong></span> <span class='ocrx_word' id='word_1_295' title='bbox 1351 3014 1525 3082; x_wconf 89' lang='lat' dir='ltr'><strong>ceterasque</strong></span> <span class='ocrx_word' id='word_1_296' title='bbox 1537 2994 1599 3058; x_wconf 89' lang='lat' dir='ltr'><strong>boni·</strong></span> 
     </span>
     <span class='ocr_line' id='line_1_31' title="bbox 386 3085 1598 3168; baseline -0.012 -16"><span class='ocrx_word' id='word_1_297' title='bbox 386 3091 520 3152; x_wconf 90' lang='lat' dir='ltr'><strong>caritatis</strong></span> <span class='ocrx_word' id='word_1_298' title='bbox 545 3097 591 3150; x_wconf 88' lang='lat' dir='ltr'><strong>est</strong></span> <span class='ocrx_word' id='word_1_299' title='bbox 616 3089 736 3165; x_wconf 88' lang='lat' dir='ltr'><strong>odium,</strong></span> <span class='ocrx_word' id='word_1_300' title='bbox 757 3089 845 3168; x_wconf 86' lang='lat' dir='ltr'><strong>luga,</strong></span> <span class='ocrx_word' id='word_1_301' title='bbox 868 3089 988 3152; x_wconf 88' lang='lat' dir='ltr'><strong>tristitia</strong></span> <span class='ocrx_word' id='word_1_302' title='bbox 1029 3100 1104 3154; x_wconf 87' lang='lat' dir='ltr'><strong>tales</strong></span> <span class='ocrx_word' id='word_1_303' title='bbox 1117 3109 1222 3152; x_wconf 91' lang='lat' dir='ltr'><strong>omnes</strong></span> <span class='ocrx_word' id='word_1_304' title='bbox 1239 3089 1355 3151; x_wconf 84' lang='lat' dir='ltr'><strong>infinito</strong></span> <span class='ocrx_word' id='word_1_305' title='bbox 1371 3085 1522 3150; x_wconf 79' lang='lat' dir='ltr'><strong>intervallo</strong></span> <span class='ocrx_word' id='word_1_306' title='bbox 1537 3097 1598 3143; x_wconf 82' lang='lat' dir='ltr'><strong>erce</strong></span> 
     </span>
     <span class='ocr_line' id='line_1_32' title="bbox 386 3171 1598 3256; baseline -0.007 -21"><span class='ocrx_word' id='word_1_307' title='bbox 386 3175 468 3236; x_wconf 91' lang='lat' dir='ltr'><strong>circa</strong></span> <span class='ocrx_word' id='word_1_308' title='bbox 494 3174 605 3234; x_wconf 90' lang='lat' dir='ltr'><strong>rnalum</strong></span> <span class='ocrx_word' id='word_1_309' title='bbox 634 3172 733 3233; x_wconf 83' lang='lat' dir='ltr'><strong>divino</strong></span> <span class='ocrx_word' id='word_1_310' title='bbox 761 3173 840 3234; x_wconf 91' lang='lat' dir='ltr'><strong>bono</strong></span> <span class='ocrx_word' id='word_1_311' title='bbox 866 3184 988 3236; x_wconf 91' lang='lat' dir='ltr'><strong>contra·</strong></span> <span class='ocrx_word' id='word_1_312' title='bbox 1029 3176 1091 3246; x_wconf 84' lang='lat' dir='ltr'><strong>dat,</strong></span> <span class='ocrx_word' id='word_1_313' title='bbox 1110 3175 1259 3256; x_wconf 85' lang='lat' dir='ltr'><strong>sequitur,</strong></span> <span class='ocrx_word' id='word_1_314' title='bbox 1280 3174 1372 3235; x_wconf 88' lang='lat' dir='ltr'><strong>ileum</strong></span> <span class='ocrx_word' id='word_1_315' title='bbox 1391 3171 1475 3247; x_wconf 86' lang='lat' dir='ltr'><strong>diligi</strong></span> <span class='ocrx_word' id='word_1_316' title='bbox 1491 3181 1598 3248; x_wconf 78' lang='lat' dir='ltr'><strong>superr</strong></span> 
     </span>
     <span class='ocr_line' id='line_1_33' title="bbox 387 3248 1597 3339; baseline -0.012 -18"><span class='ocrx_word' id='word_1_317' title='bbox 387 3258 467 3322; x_wconf 90' lang='lat' dir='ltr'><strong>rium</strong></span> <span class='ocrx_word' id='word_1_318' title='bbox 485 3257 546 3338; x_wconf 86' lang='lat' dir='ltr'><strong>(l).</strong></span> <span class='ocrx_word' id='word_1_319' title='bbox 567 3255 624 3317; x_wconf 91' lang='lat' dir='ltr'><strong>Sed</strong></span> <span class='ocrx_word' id='word_1_320' title='bbox 642 3256 716 3317; x_wconf 88' lang='lat' dir='ltr'><strong>haec</strong></span> <span class='ocrx_word' id='word_1_321' title='bbox 735 3258 887 3338; x_wconf 87' lang='lat' dir='ltr'><strong>explorata</strong></span> <span class='ocrx_word' id='word_1_322' title='bbox 905 3266 986 3319; x_wconf 93' lang='lat' dir='ltr'><strong>sunt.</strong></span> <span class='ocrx_word' id='word_1_323' title='bbox 1031 3263 1111 3322; x_wconf 92' lang='lat' dir='ltr'><strong>mnia</strong></span> <span class='ocrx_word' id='word_1_324' title='bbox 1130 3259 1252 3322; x_wconf 92' lang='lat' dir='ltr'><strong>debere.</strong></span> <span class='ocrx_word' id='word_1_325' title='bbox 1271 3259 1308 3321; x_wconf 82' lang='lat' dir='ltr'><strong>Et</strong></span> <span class='ocrx_word' id='word_1_326' title='bbox 1325 3277 1397 3320; x_wconf 91' lang='lat' dir='ltr'><strong>sane</strong></span> <span class='ocrx_word' id='word_1_327' title='bbox 1416 3256 1484 3338; x_wconf 87' lang='lat' dir='ltr'><strong>quis</strong></span> <span class='ocrx_word' id='word_1_328' title='bbox 1500 3269 1550 3312; x_wconf 89' lang='lat' dir='ltr'><strong>noo</strong></span> <span class='ocrx_word' id='word_1_329' title='bbox 1563 3248 1597 3339; x_wconf 51' lang='lat'><strong>¹⁵⁰3</strong></span> 
     </span>
    </p>

    <p class='ocr_par' dir='ltr' id='par_1_6' title="bbox 387 3336 1654 3932">
     <span class='ocr_line' id='line_1_34' title="bbox 430 3336 1598 3424; baseline -0.009 -22"><span class='ocrx_word' id='word_1_330' title='bbox 430 3341 502 3404; x_wconf 79' lang='lat' dir='ltr'><strong>tot.</strong></span> <span class='ocrx_word' id='word_1_331' title='bbox 537 3340 805 3402; x_wconf 73' lang='lat' dir='ltr'><strong>demonstrandum</strong></span> <span class='ocrx_word' id='word_1_332' title='bbox 827 3340 918 3418; x_wconf 88' lang='lat' dir='ltr'><strong>igitur</strong></span> <span class='ocrx_word' id='word_1_333' title='bbox 940 3342 990 3404; x_wconf 91' lang='lat' dir='ltr'><strong>hic</strong></span> <span class='ocrx_word' id='word_1_334' title='bbox 1030 3342 1388 3424; x_wconf 86' lang='lat' dir='ltr'><strong>telligat,grarissiman1</strong></span> <span class='ocrx_word' id='word_1_335' title='bbox 1413 3341 1473 3403; x_wconf 88' lang='lat' dir='ltr'><strong>ileo</strong></span> <span class='ocrx_word' id='word_1_336' title='bbox 1500 3336 1598 3410; x_wconf 90' lang='lat' dir='ltr'><strong>irrogan</strong></span> 
     </span>
     <span class='ocr_line' id='line_1_35' title="bbox 387 3419 1598 3507; baseline -0.007 -19"><span class='ocrx_word' id='word_1_337' title='bbox 387 3436 444 3503; x_wconf 88' lang='lat' dir='ltr'><strong>est,</strong></span> <span class='ocrx_word' id='word_1_338' title='bbox 460 3424 629 3486; x_wconf 88' lang='lat' dir='ltr'><strong>cuiusmodi</strong></span> <span class='ocrx_word' id='word_1_339' title='bbox 644 3423 752 3487; x_wconf 89' lang='lat' dir='ltr'><strong>debeat</strong></span> <span class='ocrx_word' id='word_1_340' title='bbox 766 3443 831 3486; x_wconf 91' lang='lat' dir='ltr'><strong>esse</strong></span> <span class='ocrx_word' id='word_1_341' title='bbox 846 3435 944 3504; x_wconf 85' lang='lat' dir='ltr'><strong>actus,</strong></span> <span class='ocrx_word' id='word_1_342' title='bbox 958 3437 991 3489; x_wconf 92' lang='lat' dir='ltr'><strong>ut</strong></span> <span class='ocrx_word' id='word_1_343' title='bbox 1030 3429 1192 3507; x_wconf 87' lang='lat' dir='ltr'><strong>iniuriam,</strong></span> <span class='ocrx_word' id='word_1_344' title='bbox 1212 3427 1238 3489; x_wconf 92' lang='lat' dir='ltr'><strong>si</strong></span> <span class='ocrx_word' id='word_1_345' title='bbox 1263 3427 1341 3490; x_wconf 84' lang='lat' dir='ltr'><strong>[lens</strong></span> <span class='ocrx_word' id='word_1_346' title='bbox 1359 3427 1402 3488; x_wconf 89' lang='lat' dir='ltr'><strong>ita</strong></span> <span class='ocrx_word' id='word_1_347' title='bbox 1420 3424 1560 3500; x_wconf 87' lang='lat' dir='ltr'><strong>diligatur,</strong></span> <span class='ocrx_word' id='word_1_348' title='bbox 1576 3419 1598 3472; x_wconf 84' lang='lat' dir='ltr'><strong>nl</strong></span> 
     </span>
     <span class='ocr_line' id='line_1_36' title="bbox 387 3509 1598 3594; baseline -0.009 -21"><span class='ocrx_word' id='word_1_349' title='bbox 387 3511 557 3594; x_wconf 89' lang='lat' dir='ltr'><strong>pertingere</strong></span> <span class='ocrx_word' id='word_1_350' title='bbox 575 3510 671 3592; x_wconf 92' lang='lat' dir='ltr'><strong>possit</strong></span> <span class='ocrx_word' id='word_1_351' title='bbox 691 3509 728 3572; x_wconf 89' lang='lat' dir='ltr'><strong>ad</strong></span> <span class='ocrx_word' id='word_1_352' title='bbox 750 3528 848 3572; x_wconf 80' lang='lat' dir='ltr'><strong>verano</strong></span> <span class='ocrx_word' id='word_1_353' title='bbox 877 3512 989 3574; x_wconf 88' lang='lat' dir='ltr'><strong>carita·</strong></span> <span class='ocrx_word' id='word_1_354' title='bbox 1030 3514 1121 3576; x_wconf 90' lang='lat' dir='ltr'><strong>simul</strong></span> <span class='ocrx_word' id='word_1_355' title='bbox 1136 3511 1219 3576; x_wconf 93' lang='lat' dir='ltr'><strong>aliud</strong></span> <span class='ocrx_word' id='word_1_356' title='bbox 1234 3511 1386 3593; x_wconf 86' lang='lat' dir='ltr'><strong>quidpiam</strong></span> <span class='ocrx_word' id='word_1_357' title='bbox 1399 3509 1598 3578; x_wconf 76' lang='lat' dir='ltr'><strong>eidemanlepr</strong></span> 
     </span>
     <span class='ocr_line' id='line_1_37' title="bbox 388 3583 1599 3675; baseline -0.008 -16"><span class='ocrx_word' id='word_1_358' title='bbox 388 3605 447 3659; x_wconf 89' lang='lat' dir='ltr'><strong>lem</strong></span> <span class='ocrx_word' id='word_1_359' title='bbox 491 3595 691 3657; x_wconf 86' lang='lat' dir='ltr'><strong>essentialiter</strong></span> <span class='ocrx_word' id='word_1_360' title='bbox 726 3594 989 3660; x_wconf 86' lang='lat' dir='ltr'><strong>constituendam:</strong></span> <span class='ocrx_word' id='word_1_361' title='bbox 1032 3608 1121 3661; x_wconf 88' lang='lat' dir='ltr'><strong>natur</strong></span> <span class='ocrx_word' id='word_1_362' title='bbox 1144 3598 1189 3659; x_wconf 86' lang='lat' dir='ltr'><strong>rel</strong></span> <span class='ocrx_word' id='word_1_363' title='bbox 1218 3599 1308 3658; x_wconf 91' lang='lat' dir='ltr'><strong>etiam</strong></span> <span class='ocrx_word' id='word_1_364' title='bbox 1338 3588 1537 3675; x_wconf 83' lang='lat' dir='ltr'><strong>coaequetnr‘.l</strong></span> <span class='ocrx_word' id='word_1_365' title='bbox 1558 3583 1599 3644; x_wconf 75' lang='lat' dir='ltr'><strong>lul</strong></span> 
     </span>
     <span class='ocr_line' id='line_1_38' title="bbox 389 3668 1597 3764; baseline 0.002 -22"><span class='ocrx_word' id='word_1_366' title='bbox 389 3680 540 3762; x_wconf 91' lang='lat' dir='ltr'><strong>quomodo</strong></span> <span class='ocrx_word' id='word_1_367' title='bbox 559 3679 616 3741; x_wconf 90' lang='lat' dir='ltr'><strong>sub</strong></span> <span class='ocrx_word' id='word_1_368' title='bbox 635 3679 693 3741; x_wconf 89' lang='lat' dir='ltr'><strong>hoc</strong></span> <span class='ocrx_word' id='word_1_369' title='bbox 715 3687 853 3762; x_wconf 88' lang='lat' dir='ltr'><strong>respectu</strong></span> <span class='ocrx_word' id='word_1_370' title='bbox 870 3679 901 3742; x_wconf 91' lang='lat' dir='ltr'><strong>in</strong></span> <span class='ocrx_word' id='word_1_371' title='bbox 920 3681 991 3744; x_wconf 91' lang='lat' dir='ltr'><strong>dili·</strong></span> <span class='ocrx_word' id='word_1_372' title='bbox 1032 3683 1101 3764; x_wconf 92' lang='lat' dir='ltr'><strong>quis</strong></span> <span class='ocrx_word' id='word_1_373' title='bbox 1122 3681 1247 3757; x_wconf 81' lang='lat' dir='ltr'><strong>dixerit,</strong></span> <span class='ocrx_word' id='word_1_374' title='bbox 1268 3681 1363 3742; x_wconf 87' lang='lat' dir='ltr'><strong>Deum</strong></span> <span class='ocrx_word' id='word_1_375' title='bbox 1390 3697 1459 3741; x_wconf 85' lang='lat' dir='ltr'><strong>rere</strong></span> <span class='ocrx_word' id='word_1_376' title='bbox 1481 3668 1552 3744; x_wconf 69' lang='lat' dir='ltr'><strong>diligi</strong></span> <span class='ocrx_word' id='word_1_377' title='bbox 1573 3682 1597 3724; x_wconf 77' lang='lat'><strong>⁰²</strong></span> 
     </span>
     <span class='ocr_line' id='line_1_39' title="bbox 387 3698 1654 3848; baseline -0.016 -22"><span class='ocrx_word' id='word_1_378' title='bbox 387 3775 476 3841; x_wconf 91' lang='lat' dir='ltr'><strong>gente</strong></span> <span class='ocrx_word' id='word_1_379' title='bbox 494 3764 603 3826; x_wconf 86' lang='lat' dir='ltr'><strong>caritas</strong></span> <span class='ocrx_word' id='word_1_380' title='bbox 622 3765 754 3846; x_wconf 86' lang='lat' dir='ltr'><strong>perlecta</strong></span> <span class='ocrx_word' id='word_1_381' title='bbox 765 3764 804 3826; x_wconf 89' lang='lat' dir='ltr'><strong>ab</strong></span> <span class='ocrx_word' id='word_1_382' title='bbox 817 3763 993 3846; x_wconf 82' lang='lat' dir='ltr'><strong>imperfecta</strong></span> <span class='ocrx_word' id='word_1_383' title='bbox 1032 3767 1192 3830; x_wconf 85' lang='lat' dir='ltr'><strong>dilectione</strong></span> <span class='ocrx_word' id='word_1_384' title='bbox 1204 3785 1282 3848; x_wconf 89' lang='lat' dir='ltr'><strong>quae</strong></span> <span class='ocrx_word' id='word_1_385' title='bbox 1293 3774 1352 3826; x_wconf 90' lang='lat' dir='ltr'><strong>tam</strong></span> <span class='ocrx_word' id='word_1_386' title='bbox 1370 3764 1410 3826; x_wconf 91' lang='lat' dir='ltr'><strong>sit</strong></span> <span class='ocrx_word' id='word_1_387' title='bbox 1425 3746 1598 3830; x_wconf 85' lang='lat' dir='ltr'><strong>Deoindignal</strong></span> <span class='ocrx_word' id='word_1_388' title='bbox 1652 3698 1654 3825; x_wconf 78' lang='lat' dir='ltr'><strong>i</strong></span> 
     </span>
     <span class='ocr_line' id='line_1_40' title="bbox 389 3838 1596 3932; baseline -0.011 -22"><span class='ocrx_word' id='word_1_389' title='bbox 389 3849 614 3925; x_wconf 88' lang='lat' dir='ltr'><strong>distinguatur:</strong></span> <span class='ocrx_word' id='word_1_390' title='bbox 647 3849 678 3910; x_wconf 91' lang='lat' dir='ltr'><strong>in</strong></span> <span class='ocrx_word' id='word_1_391' title='bbox 714 3867 845 3930; x_wconf 90' lang='lat' dir='ltr'><strong>quonam</strong></span> <span class='ocrx_word' id='word_1_392' title='bbox 878 3851 995 3912; x_wconf 89' lang='lat' dir='ltr'><strong>scilicet</strong></span> <span class='ocrx_word' id='word_1_393' title='bbox 1033 3851 1136 3914; x_wconf 92' lang='lat' dir='ltr'><strong>llodus</strong></span> <span class='ocrx_word' id='word_1_394' title='bbox 1150 3870 1219 3928; x_wconf 93' lang='lat' dir='ltr'><strong>ergo</strong></span> <span class='ocrx_word' id='word_1_395' title='bbox 1236 3849 1365 3932; x_wconf 74' lang='lat' dir='ltr'><strong>periente</strong></span> <span class='ocrx_word' id='word_1_396' title='bbox 1380 3841 1516 3926; x_wconf 89' lang='lat' dir='ltr'><strong>diligendi</strong></span> <span class='ocrx_word' id='word_1_397' title='bbox 1529 3838 1596 3899; x_wconf 81' lang='lat' dir='ltr'><strong>uano</strong></span> 
     </span>
    </p>
   </div>
   <div class='ocr_carea' id='block_1_6' title="bbox 391 3912 1654 4439">
    <p class='ocr_par' dir='ltr' id='par_1_7' title="bbox 391 3912 1654 4439">
     <span class='ocr_line' id='line_1_41' title="bbox 391 3912 1654 4028; baseline -0.008 -34"><span class='ocrx_word' id='word_1_398' title='bbox 391 3932 534 4028; x_wconf 78' lang='lat' dir='ltr'><strong>constitui</strong></span> <span class='ocrx_word' id='word_1_399' title='bbox 546 3933 653 3996; x_wconf 88' lang='lat' dir='ltr'><strong>debeat</strong></span> <span class='ocrx_word' id='word_1_400' title='bbox 662 3933 823 3996; x_wconf 90' lang='lat' dir='ltr'><strong>essentiale</strong></span> <span class='ocrx_word' id='word_1_401' title='bbox 832 3933 993 3998; x_wconf 90' lang='lat' dir='ltr'><strong>discrimen</strong></span> <span class='ocrx_word' id='word_1_402' title='bbox 1033 3955 1124 4018; x_wconf 88' lang='lat' dir='ltr'><strong>super</strong></span> <span class='ocrx_word' id='word_1_403' title='bbox 1142 3935 1254 4012; x_wconf 90' lang='lat' dir='ltr'><strong>omnia,</strong></span> <span class='ocrx_word' id='word_1_404' title='bbox 1275 3933 1391 3996; x_wconf 88' lang='lat' dir='ltr'><strong>scilicet</strong></span> <span class='ocrx_word' id='word_1_405' title='bbox 1407 3945 1505 3995; x_wconf 84' lang='lat' dir='ltr'><strong>amore</strong></span> <span class='ocrx_word' id='word_1_406' title='bbox 1520 3934 1598 4002; x_wconf 67' lang='lat' dir='ltr'><strong>apptr</strong></span> <span class='ocrx_word' id='word_1_407' title='bbox 1652 3912 1654 4003; x_wconf 75' lang='lat' dir='ltr'><strong>l</strong></span> 
     </span>
     <span class='ocr_line' id='line_1_42' title="bbox 391 4009 1654 4098; baseline -0.011 -21"><span class='ocrx_word' id='word_1_408' title='bbox 391 4027 469 4078; x_wconf 84' lang='lat' dir='ltr'><strong>inter</strong></span> <span class='ocrx_word' id='word_1_409' title='bbox 487 4017 641 4078; x_wconf 88' lang='lat' dir='ltr'><strong>caritatem</strong></span> <span class='ocrx_word' id='word_1_410' title='bbox 661 4019 808 4080; x_wconf 88' lang='lat' dir='ltr'><strong>actualem</strong></span> <span class='ocrx_word' id='word_1_411' title='bbox 831 4019 993 4098; x_wconf 88' lang='lat' dir='ltr'><strong>perlectam</strong></span> <span class='ocrx_word' id='word_1_412' title='bbox 1035 4021 1134 4083; x_wconf 88' lang='lat' dir='ltr'><strong>tiatire</strong></span> <span class='ocrx_word' id='word_1_413' title='bbox 1153 4038 1283 4096; x_wconf 90' lang='lat' dir='ltr'><strong>summo,</strong></span> <span class='ocrx_word' id='word_1_414' title='bbox 1304 4019 1346 4079; x_wconf 90' lang='lat' dir='ltr'><strong>ita</strong></span> <span class='ocrx_word' id='word_1_415' title='bbox 1364 4016 1402 4079; x_wconf 92' lang='lat' dir='ltr'><strong>ad</strong></span> <span class='ocrx_word' id='word_1_416' title='bbox 1420 4009 1595 4079; x_wconf 80' lang='lat' dir='ltr'><strong>essentiane·</strong></span> <span class='ocrx_word' id='word_1_417' title='bbox 1652 4012 1654 4029; x_wconf 84' lang='lat'><strong>¹</strong></span> 
     </span>
     <span class='ocr_line' id='line_1_43' title="bbox 392 4082 1597 4184; baseline -0.026 -10"><span class='ocrx_word' id='word_1_418' title='bbox 392 4108 423 4162; x_wconf 78' lang='grc' dir='ltr'><strong>θῑ</strong></span> <span class='ocrx_word' id='word_1_419' title='bbox 445 4100 663 4180; x_wconf 66' lang='lat' dir='ltr'><strong>imperseclaffl·</strong></span> <span class='ocrx_word' id='word_1_420' title='bbox 1035 4103 1165 4167; x_wconf 90' lang='lat' dir='ltr'><strong>iusmodi</strong></span> <span class='ocrx_word' id='word_1_421' title='bbox 1177 4103 1309 4166; x_wconf 88' lang='lat' dir='ltr'><strong>caritatis</strong></span> <span class='ocrx_word' id='word_1_422' title='bbox 1321 4101 1458 4184; x_wconf 83' lang='lat' dir='ltr'><strong>pertinet,</strong></span> <span class='ocrx_word' id='word_1_423' title='bbox 1469 4103 1498 4157; x_wconf 92' lang='lat' dir='ltr'><strong>ut</strong></span> <span class='ocrx_word' id='word_1_424' title='bbox 1508 4082 1597 4154; x_wconf 88' lang='lat' dir='ltr'><strong>eosub·</strong></span> 
     </span>
     <span class='ocr_line' id='line_1_44' title="bbox 439 4166 1598 4271; baseline -0.011 -27"><span class='ocrx_word' id='word_1_425' title='bbox 439 4185 509 4246; x_wconf 86' lang='grc'><strong>105.</strong></span> <span class='ocrx_word' id='word_1_426' title='bbox 532 4181 648 4254; x_wconf 84' lang='lat' dir='ltr'><strong>Quibus</strong></span> <span class='ocrx_word' id='word_1_427' title='bbox 667 4185 709 4247; x_wconf 86' lang='lat' dir='ltr'><strong>ita</strong></span> <span class='ocrx_word' id='word_1_428' title='bbox 730 4186 915 4266; x_wconf 83' lang='lat' dir='ltr'><strong>compositis,</strong></span> <span class='ocrx_word' id='word_1_429' title='bbox 935 4188 995 4251; x_wconf 90' lang='lat' dir='ltr'><strong>iam</strong></span> <span class='ocrx_word' id='word_1_430' title='bbox 1035 4191 1096 4251; x_wconf 92' lang='lat' dir='ltr'><strong>lato</strong></span> <span class='ocrx_word' id='word_1_431' title='bbox 1111 4189 1242 4271; x_wconf 87' lang='lat' dir='ltr'><strong>perlecta</strong></span> <span class='ocrx_word' id='word_1_432' title='bbox 1257 4185 1467 4250; x_wconf 86' lang='lat' dir='ltr'><strong>caritasetiaru</strong></span> <span class='ocrx_word' id='word_1_433' title='bbox 1481 4166 1598 4258; x_wconf 78' lang='lat' dir='ltr'><strong>ipsasol</strong></span> 
     </span>
     <span class='ocr_line' id='line_1_45' title="bbox 395 4261 1595 4355; baseline -0.007 -23"><span class='ocrx_word' id='word_1_434' title='bbox 395 4267 567 4332; x_wconf 86' lang='lat' dir='ltr'><strong>accedimns</strong></span> <span class='ocrx_word' id='word_1_435' title='bbox 592 4288 646 4350; x_wconf 93' lang='lat' dir='ltr'><strong>per</strong></span> <span class='ocrx_word' id='word_1_436' title='bbox 670 4270 890 4352; x_wconf 88' lang='lat' dir='ltr'><strong>propositiones</strong></span> <span class='ocrx_word' id='word_1_437' title='bbox 913 4273 995 4336; x_wconf 90' lang='lat' dir='ltr'><strong>inse·</strong></span> <span class='ocrx_word' id='word_1_438' title='bbox 1037 4275 1096 4336; x_wconf 90' lang='lat' dir='ltr'><strong>lata</strong></span> <span class='ocrx_word' id='word_1_439' title='bbox 1123 4273 1317 4350; x_wconf 87' lang='lat' dir='ltr'><strong>intelligatur.</strong></span> <span class='ocrx_word' id='word_1_440' title='bbox 1346 4269 1421 4330; x_wconf 90' lang='lat' dir='ltr'><strong>Hinc</strong></span> <span class='ocrx_word' id='word_1_441' title='bbox 1443 4287 1467 4329; x_wconf 91' lang='lat' dir='ltr'><strong>s.</strong></span> <span class='ocrx_word' id='word_1_442' title='bbox 1485 4261 1595 4355; x_wconf 60' lang='lat' dir='ltr'><strong>Tiona,</strong></span> 
     </span>
     <span class='ocr_line' id='line_1_46' title="bbox 1033 4349 1598 4439; baseline -0.032 -18"><span class='ocrx_word' id='word_1_443' title='bbox 1033 4359 1171 4439; x_wconf 85' lang='lat' dir='ltr'><strong>proprio,</strong></span> <span class='ocrx_word' id='word_1_444' title='bbox 1190 4357 1300 4436; x_wconf 89' lang='lat' dir='ltr'><strong>inquit,</strong></span> <span class='ocrx_word' id='word_1_445' title='bbox 1319 4355 1398 4417; x_wconf 85' lang='lat' dir='ltr'><strong>rotie</strong></span> <span class='ocrx_word' id='word_1_446' title='bbox 1415 4350 1537 4416; x_wconf 77' lang='lat' dir='ltr'><strong>corileto</strong></span> <span class='ocrx_word' id='word_1_447' title='bbox 1549 4349 1598 4400; x_wconf 74' lang='lat' dir='ltr'><strong>tut·</strong></span> 
     </span>
    </p>
   </div>
   <div class='ocr_carea' id='block_1_7' title="bbox 393 4417 1597 4632">
    <p class='ocr_par' dir='ltr' id='par_1_8' title="bbox 393 4417 1597 4632">
     <span class='ocr_line' id='line_1_47' title="bbox 397 4417 1596 4555; baseline -0.011 -16"><span class='ocrx_word' id='word_1_448' title='bbox 397 4417 999 4555; x_wconf 56' lang='lat' dir='ltr'><strong>till,&#39;illilllfl&#39;illaillllill?illl</strong></span> <span class='ocrx_word' id='word_1_449' title='bbox 1036 4444 1114 4505; x_wconf 56' lang='lat'><strong>”⁸⁰²</strong></span> <span class='ocrx_word' id='word_1_450' title='bbox 1140 4443 1174 4504; x_wconf 59' lang='lat' dir='ltr'><strong>‘l</strong></span> <span class='ocrx_word' id='word_1_451' title='bbox 1201 4443 1271 4537; x_wconf 59' lang='lat'><em>&#39;9⁰⁶³</em></span> <span class='ocrx_word' id='word_1_452' title='bbox 1291 4441 1368 4520; x_wconf 62' lang='lat' dir='ltr'><strong>qnam</strong></span> <span class='ocrx_word' id='word_1_453' title='bbox 1394 4437 1468 4533; x_wconf 59' lang='lat' dir='ltr'><strong>9⁶!ss</strong></span> <span class='ocrx_word' id='word_1_454' title='bbox 1483 4428 1596 4527; x_wconf 66' lang='lat' dir='ltr'><strong>perper</strong></span> 
     </span>
     <span class='ocr_line' id='line_1_48' title="bbox 393 4509 1597 4632; baseline -0.008 -26"><span class='ocrx_word' id='word_1_455' title='bbox 393 4572 466 4632; x_wconf 77' lang='lat' dir='ltr'><strong>serpq.</strong></span> <span class='ocrx_word' id='word_1_456' title='bbox 497 4557 653 4620; x_wconf 78' lang='lat' dir='ltr'><strong>coristituit,</strong></span> <span class='ocrx_word' id='word_1_457' title='bbox 683 4573 802 4624; x_wconf 73' lang='lat' dir='ltr'><strong>quaequae</strong></span> <span class='ocrx_word' id='word_1_458' title='bbox 825 4555 922 4610; x_wconf 88' lang='lat' dir='ltr'><strong>ibidem</strong></span> <span class='ocrx_word' id='word_1_459' title='bbox 940 4575 998 4611; x_wconf 89' lang='lat' dir='ltr'><strong>cum</strong></span> <span class='ocrx_word' id='word_1_460' title='bbox 1036 4509 1597 4608; x_wconf 50' lang='grc' dir='ltr'><strong>·ς”1)θ”0”””α(ἳ)·ΕΗὼΙΠῖ’ςκωμωηω</strong></span> 
     </span>
    </p>
   </div>
   <div class='ocr_carea' id='block_1_8' title="bbox 394 4623 1423 4694">
    <p class='ocr_par' dir='ltr' id='par_1_9' title="bbox 394 4623 1423 4694">
     <span class='ocr_line' id='line_1_49' title="bbox 394 4623 1423 4694; baseline 0.004 -20"><span class='ocrx_word' id='word_1_461' title='bbox 394 4639 447 4674; x_wconf 83' lang='lat' dir='ltr'><strong>suis</strong></span> <span class='ocrx_word' id='word_1_462' title='bbox 465 4623 637 4676; x_wconf 80' lang='lat' dir='ltr'><strong>fundamentis</strong></span> <span class='ocrx_word' id='word_1_463' title='bbox 649 4626 726 4676; x_wconf 87' lang='lat' dir='ltr'><strong>recoli</strong></span> <span class='ocrx_word' id='word_1_464' title='bbox 742 4636 861 4693; x_wconf 85' lang='lat' dir='ltr'><strong>possunt.</strong></span> <span class='ocrx_word' id='word_1_465' title='bbox 1073 4628 1111 4694; x_wconf 74' lang='lat'><strong>(2)</strong></span> <span class='ocrx_word' id='word_1_466' title='bbox 1126 4626 1158 4688; x_wconf 92' lang='lat' dir='ltr'><strong>ll,</strong></span> <span class='ocrx_word' id='word_1_467' title='bbox 1171 4631 1197 4687; x_wconf 72' lang='grc' dir='ltr'><strong>Ξ,</strong></span> <span class='ocrx_word' id='word_1_468' title='bbox 1216 4641 1242 4693; x_wconf 83' lang='lat' dir='ltr'><strong>q.</strong></span> <span class='ocrx_word' id='word_1_469' title='bbox 1256 4629 1300 4686; x_wconf 79' lang='lat' dir='ltr'><strong>2l,</strong></span> <span class='ocrx_word' id='word_1_470' title='bbox 1317 4632 1367 4674; x_wconf 81' lang='lat' dir='ltr'><strong>art.</strong></span> <span class='ocrx_word' id='word_1_471' title='bbox 1383 4628 1423 4678; x_wconf 74' lang='lat' dir='ltr'><strong>ti·</strong></span> 
     </span>
    </p>
   </div>
   <div class='ocr_carea' id='block_1_9' title="bbox 0 0 1896 5659">
    <p class='ocr_par' dir='ltr' id='par_1_10' title="bbox 0 0 1896 5659">
     <span class='ocr_line' id='line_1_50' title="bbox 0 0 1896 5659; baseline 0 0"><span class='ocrx_word' id='word_1_472' title='bbox 0 0 1896 5659; x_wconf 95' lang='lat' dir='ltr'><strong> </strong></span> 
     </span>
    </p>
   </div>
  </div>
 </body>
</html>
