<?xml version="1.0" encoding="UTF-8"?>
<!DOCTYPE html PUBLIC "-//W3C//DTD XHTML 1.0 Transitional//EN"
    "http://www.w3.org/TR/xhtml1/DTD/xhtml1-transitional.dtd">
<html xmlns="http://www.w3.org/1999/xhtml" xml:lang="en" lang="en">
 <head>
  <title>
</title>
<meta http-equiv="Content-Type" content="text/html;charset=utf-8" />
  <meta name='ocr-system' content='tesseract 3.04.00' />
  <meta name='ocr-capabilities' content='ocr_page ocr_carea ocr_par ocr_line ocrx_word'/>
</head>
<body>
  <div class='ocr_page' id='page_1' title='image "./praelectionesth09perrgoog/praelectionesth09perrgoog_0080.png"; bbox 0 0 3700 5659; ppageno 0'>
   <div class='ocr_carea' id='block_1_1' title="bbox 311 468 1569 648">
    <p class='ocr_par' dir='ltr' id='par_1_1' title="bbox 311 468 1569 648">
     <span class='ocr_line' id='line_1_1' title="bbox 354 468 1002 530; baseline -0.012 0"><span class='ocrx_word' id='word_1_1' title='bbox 354 468 394 530; x_wconf 82' lang='grc'><strong>68</strong></span> <span class='ocrx_word' id='word_1_2' title='bbox 876 481 914 525; x_wconf 84' lang='lat' dir='ltr'><strong>on</strong></span> <span class='ocrx_word' id='word_1_3' title='bbox 933 475 1002 525; x_wconf 82' lang='lat' dir='ltr'><strong>rinc</strong></span> 
     </span>
     <span class='ocr_line' id='line_1_2' title="bbox 311 568 1569 648; baseline -0.002 -10"><span class='ocrx_word' id='word_1_4' title='bbox 311 577 402 641; x_wconf 80' lang='lat' dir='ltr'><strong>tectas</strong></span> <span class='ocrx_word' id='word_1_5' title='bbox 431 572 771 637; x_wconf 67' lang='lat' dir='ltr'><strong>maerensmaerens</strong></span> <span class='ocrx_word' id='word_1_6' title='bbox 796 573 916 636; x_wconf 73' lang='lat' dir='ltr'><strong>diotone</strong></span> <span class='ocrx_word' id='word_1_7' title='bbox 956 568 1058 648; x_wconf 89' lang='lat' dir='ltr'><strong>tantis,</strong></span> <span class='ocrx_word' id='word_1_8' title='bbox 1071 575 1105 631; x_wconf 90' lang='lat' dir='ltr'><strong>ut</strong></span> <span class='ocrx_word' id='word_1_9' title='bbox 1117 568 1318 648; x_wconf 78' lang='lat' dir='ltr'><strong>distinguatur</strong></span> <span class='ocrx_word' id='word_1_10' title='bbox 1330 571 1492 635; x_wconf 92' lang='lat' dir='ltr'><strong>obiectum</strong></span> <span class='ocrx_word' id='word_1_11' title='bbox 1508 591 1569 636; x_wconf 88' lang='lat' dir='ltr'><strong>ma-</strong></span> 
     </span>
    </p>
   </div>
   <div class='ocr_carea' id='block_1_2' title="bbox 234 653 1648 4511">
    <p class='ocr_par' dir='ltr' id='par_1_2' title="bbox 307 653 1577 991">
     <span class='ocr_line' id='line_1_3' title="bbox 311 653 1566 739; baseline -0.005 -17"><span class='ocrx_word' id='word_1_12' title='bbox 311 680 351 722; x_wconf 82' lang='lat' dir='ltr'><strong>an</strong></span> <span class='ocrx_word' id='word_1_13' title='bbox 372 659 497 739; x_wconf 83' lang='lat' dir='ltr'><strong>imperio</strong></span> <span class='ocrx_word' id='word_1_14' title='bbox 515 657 708 719; x_wconf 78' lang='lat' dir='ltr'><strong>ootoototiao</strong></span> <span class='ocrx_word' id='word_1_15' title='bbox 731 658 790 719; x_wconf 84' lang='lat' dir='ltr'><strong>Deo</strong></span> <span class='ocrx_word' id='word_1_16' title='bbox 817 665 916 719; x_wconf 85' lang='lat' dir='ltr'><strong>motae</strong></span> <span class='ocrx_word' id='word_1_17' title='bbox 956 653 1075 730; x_wconf 82' lang='lat' dir='ltr'><strong>teriolo,</strong></span> <span class='ocrx_word' id='word_1_18' title='bbox 1096 653 1176 717; x_wconf 90' lang='lat' dir='ltr'><strong>circa</strong></span> <span class='ocrx_word' id='word_1_19' title='bbox 1195 656 1277 736; x_wconf 90' lang='lat' dir='ltr'><strong>qnod</strong></span> <span class='ocrx_word' id='word_1_20' title='bbox 1307 657 1382 719; x_wconf 85' lang='lat' dir='ltr'><strong>fides</strong></span> <span class='ocrx_word' id='word_1_21' title='bbox 1414 665 1566 735; x_wconf 90' lang='lat' dir='ltr'><strong>versatur,</strong></span> 
     </span>
     <span class='ocr_line' id='line_1_4' title="bbox 307 736 1577 824; baseline -0.004 -19"><span class='ocrx_word' id='word_1_22' title='bbox 307 763 364 824; x_wconf 84' lang='lat' dir='ltr'><strong>per</strong></span> <span class='ocrx_word' id='word_1_23' title='bbox 382 742 633 823; x_wconf 63' lang='lat' dir='ltr'><strong>praearmare</strong></span> <span class='ocrx_word' id='word_1_24' title='bbox 667 741 797 803; x_wconf 80' lang='lat' dir='ltr'><strong>cvvbiocet</strong></span> <span class='ocrx_word' id='word_1_25' title='bbox 823 741 916 804; x_wconf 83' lang='lat' dir='ltr'><strong>libero</strong></span> <span class='ocrx_word' id='word_1_26' title='bbox 956 736 1126 800; x_wconf 88' lang='lat' dir='ltr'><strong>cuiusmodi</strong></span> <span class='ocrx_word' id='word_1_27' title='bbox 1145 749 1215 800; x_wconf 90' lang='lat' dir='ltr'><strong>sunt</strong></span> <span class='ocrx_word' id='word_1_28' title='bbox 1231 741 1381 820; x_wconf 77' lang='lat' dir='ltr'><strong>mysteria,</strong></span> <span class='ocrx_word' id='word_1_29' title='bbox 1402 749 1462 802; x_wconf 88' lang='lat' dir='ltr'><strong>ant</strong></span> <span class='ocrx_word' id='word_1_30' title='bbox 1479 738 1577 820; x_wconf 82' lang='lat' dir='ltr'><strong>quid-¹</strong></span> 
     </span>
     <span class='ocr_line' id='line_1_5' title="bbox 312 821 1549 902; baseline -0.005 -14"><span class='ocrx_word' id='word_1_31' title='bbox 312 829 442 889; x_wconf 68' lang='lat' dir='ltr'><strong>&lt;arbirio</strong></span> <span class='ocrx_word' id='word_1_32' title='bbox 459 828 492 886; x_wconf 83' lang='lat' dir='ltr'><strong>ia</strong></span> <span class='ocrx_word' id='word_1_33' title='bbox 518 825 624 886; x_wconf 83' lang='lat' dir='ltr'><strong>ordine</strong></span> <span class='ocrx_word' id='word_1_34' title='bbox 642 826 681 886; x_wconf 87' lang='lat' dir='ltr'><strong>od</strong></span> <span class='ocrx_word' id='word_1_35' title='bbox 703 827 917 888; x_wconf 64' lang='lat' dir='ltr'><strong>Dasmenda</strong></span> <span class='ocrx_word' id='word_1_36' title='bbox 957 821 1030 902; x_wconf 91' lang='lat' dir='ltr'><strong>quid</strong></span> <span class='ocrx_word' id='word_1_37' title='bbox 1047 821 1152 884; x_wconf 85' lang='lat' dir='ltr'><strong>subest</strong></span> <span class='ocrx_word' id='word_1_38' title='bbox 1169 823 1280 885; x_wconf 91' lang='lat' dir='ltr'><strong>rationi</strong></span> <span class='ocrx_word' id='word_1_39' title='bbox 1316 825 1444 887; x_wconf 83' lang='lat' dir='ltr'><strong>formali</strong></span> <span class='ocrx_word' id='word_1_40' title='bbox 1477 823 1574 890; x_wconf 86' lang='lat' dir='ltr'><strong>tidei</strong></span> 
     </span>
     <span class='ocr_line' id='line_1_6' title="bbox 310 905 1359 991; baseline -0.004 -18"><span class='ocrx_word' id='word_1_41' title='bbox 310 921 395 973; x_wconf 80' lang='lat' dir='ltr'><strong>octus</strong></span> <span class='ocrx_word' id='word_1_42' title='bbox 406 911 475 991; x_wconf 79' lang='lat' dir='ltr'><strong>fidei</strong></span> <span class='ocrx_word' id='word_1_43' title='bbox 486 917 580 990; x_wconf 83' lang='lat' dir='ltr'><strong>potest</strong></span> <span class='ocrx_word' id='word_1_44' title='bbox 594 926 653 970; x_wconf 82' lang='lat' dir='ltr'><strong>esso</strong></span> <span class='ocrx_word' id='word_1_45' title='bbox 666 910 840 971; x_wconf 85' lang='lat' dir='ltr'><strong>meritorios</strong></span> <span class='ocrx_word' id='word_1_46' title='bbox 853 909 913 988; x_wconf 90' lang='lat' dir='ltr'><strong>(t).</strong></span> <span class='ocrx_word' id='word_1_47' title='bbox 956 905 1038 987; x_wconf 92' lang='lat' dir='ltr'><strong>quod</strong></span> <span class='ocrx_word' id='word_1_48' title='bbox 1055 915 1102 967; x_wconf 91' lang='lat' dir='ltr'><strong>est</strong></span> <span class='ocrx_word' id='word_1_49' title='bbox 1120 905 1283 968; x_wconf 87' lang='lat' dir='ltr'><strong>obscurum</strong></span> <span class='ocrx_word' id='word_1_50' title='bbox 1298 908 1359 989; x_wconf 56' lang='grc' dir='ltr'>(ἐ).</span> 
     </span>
    </p>

    <p class='ocr_par' dir='ltr' id='par_1_3' title="bbox 234 992 1634 3422">
     <span class='ocr_line' id='line_1_7' title="bbox 341 992 916 1073; baseline -0.005 -17"><span class='ocrx_word' id='word_1_51' title='bbox 341 997 429 1056; x_wconf 71' lang='lat' dir='ltr'><strong>aaa.</strong></span> <span class='ocrx_word' id='word_1_52' title='bbox 447 995 491 1056; x_wconf 84' lang='lat' dir='ltr'><strong>En</strong></span> <span class='ocrx_word' id='word_1_53' title='bbox 505 993 552 1054; x_wconf 92' lang='lat' dir='ltr'><strong>bis</strong></span> <span class='ocrx_word' id='word_1_54' title='bbox 561 992 652 1070; x_wconf 82' lang='lat' dir='ltr'><strong>igitur</strong></span> <span class='ocrx_word' id='word_1_55' title='bbox 664 993 824 1069; x_wconf 89' lang='lat' dir='ltr'><strong>babemus,</strong></span> <span class='ocrx_word' id='word_1_56' title='bbox 834 992 916 1073; x_wconf 92' lang='lat' dir='ltr'><strong>quod</strong></span> 
     </span>
     <span class='ocr_line' id='line_1_8' title="bbox 312 1073 1634 1158; baseline 0.002 -19"><span class='ocrx_word' id='word_1_57' title='bbox 312 1079 387 1140; x_wconf 80' lang='lat' dir='ltr'><strong>sides</strong></span> <span class='ocrx_word' id='word_1_58' title='bbox 406 1087 548 1158; x_wconf 90' lang='lat' dir='ltr'><strong>tanquam</strong></span> <span class='ocrx_word' id='word_1_59' title='bbox 568 1076 599 1136; x_wconf 91' lang='lat' dir='ltr'><strong>in</strong></span> <span class='ocrx_word' id='word_1_60' title='bbox 627 1076 765 1137; x_wconf 92' lang='lat' dir='ltr'><strong>subiecto</strong></span> <span class='ocrx_word' id='word_1_61' title='bbox 788 1077 918 1138; x_wconf 73' lang='lat' dir='ltr'><strong>resideat</strong></span> <span class='ocrx_word' id='word_1_62' title='bbox 1172 1073 1347 1122; x_wconf 71' lang='lat' dir='ltr'><strong>Pfl⁰P⁰S¹T¹⁰</strong></span> <span class='ocrx_word' id='word_1_63' title='bbox 1630 1129 1634 1142; x_wconf 90' lang='grc'><strong>.</strong></span> 
     </span>
     <span class='ocr_line' id='line_1_9' title="bbox 313 1151 1583 1237; baseline -0.003 -13"><span class='ocrx_word' id='word_1_64' title='bbox 313 1163 345 1223; x_wconf 95' lang='lat' dir='ltr'><strong>in</strong></span> <span class='ocrx_word' id='word_1_65' title='bbox 364 1163 531 1237; x_wconf 91' lang='lat' dir='ltr'><strong>intellectu,</strong></span> <span class='ocrx_word' id='word_1_66' title='bbox 559 1160 598 1220; x_wconf 91' lang='lat' dir='ltr'><strong>ad</strong></span> <span class='ocrx_word' id='word_1_67' title='bbox 619 1160 842 1222; x_wconf 84' lang='lat' dir='ltr'><strong>assentiendum</strong></span> <span class='ocrx_word' id='word_1_68' title='bbox 875 1169 918 1221; x_wconf 88' lang='lat' dir='ltr'><strong>ta-</strong></span> <span class='ocrx_word' id='word_1_69' title='bbox 957 1164 1001 1220; x_wconf 81' lang='lat' dir='ltr'><strong>Aa</strong></span> <span class='ocrx_word' id='word_1_70' title='bbox 1017 1168 1099 1214; x_wconf 74' lang='lat' dir='ltr'><strong>actam</strong></span> <span class='ocrx_word' id='word_1_71' title='bbox 1110 1167 1489 1226; x_wconf 72' lang='lat' dir='ltr'><strong>Metttrvtcvicoecttetendom</strong></span> <span class='ocrx_word' id='word_1_72' title='bbox 1505 1151 1583 1220; x_wconf 56' lang='lat' dir='ltr'><strong>piria.-</strong></span> 
     </span>
     <span class='ocr_line' id='line_1_10' title="bbox 318 1235 1583 1315; baseline 0.002 -35"><span class='ocrx_word' id='word_1_73' title='bbox 318 1266 388 1308; x_wconf 63' lang='lat' dir='ltr'><strong>men</strong></span> <span class='ocrx_word' id='word_1_74' title='bbox 404 1262 522 1306; x_wconf 62' lang='lat' dir='ltr'><strong>mom</strong></span> <span class='ocrx_word' id='word_1_75' title='bbox 545 1245 709 1305; x_wconf 40' lang='lat' dir='ltr'><strong>voluntate.</strong></span> <span class='ocrx_word' id='word_1_76' title='bbox 746 1243 818 1305; x_wconf 65' lang='lat' dir='ltr'><strong>Nam</strong></span> <span class='ocrx_word' id='word_1_77' title='bbox 848 1263 916 1305; x_wconf 62' lang='lat' dir='ltr'><strong>cum</strong></span> <span class='ocrx_word' id='word_1_78' title='bbox 991 1235 1127 1294; x_wconf 71' lang='lat' dir='ltr'><strong>requiritur</strong></span> <span class='ocrx_word' id='word_1_79' title='bbox 1143 1237 1277 1312; x_wconf 72' lang='lat' dir='ltr'><strong>necessario</strong></span> <span class='ocrx_word' id='word_1_80' title='bbox 1293 1235 1583 1315; x_wconf 72' lang='lat' dir='ltr'><strong>ptuscrcdvrtitonnos·¹</strong></span> 
     </span>
     <span class='ocr_line' id='line_1_11' title="bbox 315 1302 1388 1392; baseline 0 -3"><span class='ocrx_word' id='word_1_81' title='bbox 315 1331 487 1392; x_wconf 88' lang='lat' dir='ltr'><strong>intellectus</strong></span> <span class='ocrx_word' id='word_1_82' title='bbox 509 1327 548 1389; x_wconf 91' lang='lat' dir='ltr'><strong>ad</strong></span> <span class='ocrx_word' id='word_1_83' title='bbox 569 1327 792 1389; x_wconf 87' lang='lat' dir='ltr'><strong>assentiendum</strong></span> <span class='ocrx_word' id='word_1_84' title='bbox 812 1328 919 1389; x_wconf 88' lang='lat' dir='ltr'><strong>verita-</strong></span> <span class='ocrx_word' id='word_1_85' title='bbox 992 1302 1068 1362; x_wconf 53' lang='lat'><strong>“⁶¹¹‘&#39;</strong></span> <span class='ocrx_word' id='word_1_86' title='bbox 1088 1315 1119 1348; x_wconf 65' lang='lat'><strong>⁶²</strong></span> <span class='ocrx_word' id='word_1_87' title='bbox 1135 1304 1219 1361; x_wconf 54' lang='grc' dir='ltr'><strong>ΨΜ</strong></span> <span class='ocrx_word' id='word_1_88' title='bbox 1233 1315 1388 1363; x_wconf 73' lang='lat' dir='ltr'><strong>provenere.</strong></span> 
     </span>
     <span class='ocr_line' id='line_1_12' title="bbox 317 1397 1574 1492; baseline -0.001 -17"><span class='ocrx_word' id='word_1_89' title='bbox 317 1415 398 1475; x_wconf 87' lang='lat' dir='ltr'><strong>tibus</strong></span> <span class='ocrx_word' id='word_1_90' title='bbox 416 1411 555 1474; x_wconf 87' lang='lat' dir='ltr'><strong>revelatis</strong></span> <span class='ocrx_word' id='word_1_91' title='bbox 570 1411 737 1491; x_wconf 78' lang='lat' dir='ltr'><strong>permoveri</strong></span> <span class='ocrx_word' id='word_1_92' title='bbox 763 1429 824 1472; x_wconf 92' lang='lat' dir='ltr'><strong>non</strong></span> <span class='ocrx_word' id='word_1_93' title='bbox 846 1430 918 1491; x_wconf 90' lang='lat' dir='ltr'><strong>pos·</strong></span> <span class='ocrx_word' id='word_1_94' title='bbox 1001 1410 1076 1474; x_wconf 74' lang='lat' dir='ltr'><strong>aot.</strong></span> <span class='ocrx_word' id='word_1_95' title='bbox 1092 1409 1176 1472; x_wconf 81' lang='lat' dir='ltr'><strong>Licet</strong></span> <span class='ocrx_word' id='word_1_96' title='bbox 1195 1411 1254 1474; x_wconf 90' lang='lat' dir='ltr'><strong>hoc</strong></span> <span class='ocrx_word' id='word_1_97' title='bbox 1272 1411 1309 1474; x_wconf 88' lang='lat' dir='ltr'><strong>de</strong></span> <span class='ocrx_word' id='word_1_98' title='bbox 1329 1419 1521 1492; x_wconf 83' lang='lat' dir='ltr'><strong>argumento</strong></span> <span class='ocrx_word' id='word_1_99' title='bbox 1540 1397 1574 1474; x_wconf 53' lang='lat' dir='ltr'><strong>a)</strong></span> 
     </span>
     <span class='ocr_line' id='line_1_13' title="bbox 313 1494 1575 1575; baseline 0 -19"><span class='ocrx_word' id='word_1_100' title='bbox 313 1498 355 1558; x_wconf 92' lang='lat' dir='ltr'><strong>sit</strong></span> <span class='ocrx_word' id='word_1_101' title='bbox 373 1498 412 1558; x_wconf 89' lang='lat' dir='ltr'><strong>ab</strong></span> <span class='ocrx_word' id='word_1_102' title='bbox 430 1496 592 1557; x_wconf 90' lang='lat' dir='ltr'><strong>intrinseca</strong></span> <span class='ocrx_word' id='word_1_103' title='bbox 613 1494 760 1556; x_wconf 88' lang='lat' dir='ltr'><strong>evidentia</strong></span> <span class='ocrx_word' id='word_1_104' title='bbox 779 1495 916 1573; x_wconf 71' lang='lat' dir='ltr'><strong>rationiS,</strong></span> <span class='ocrx_word' id='word_1_105' title='bbox 959 1502 1047 1572; x_wconf 83' lang='lat' dir='ltr'><strong>gatur</strong></span> <span class='ocrx_word' id='word_1_106' title='bbox 1060 1495 1093 1556; x_wconf 94' lang='lat' dir='ltr'><strong>in</strong></span> <span class='ocrx_word' id='word_1_107' title='bbox 1107 1503 1236 1558; x_wconf 88' lang='lat' dir='ltr'><strong>tractatu</strong></span> <span class='ocrx_word' id='word_1_108' title='bbox 1253 1495 1290 1558; x_wconf 93' lang='lat' dir='ltr'><strong>de</strong></span> <span class='ocrx_word' id='word_1_109' title='bbox 1312 1496 1422 1575; x_wconf 81' lang='lat' dir='ltr'><strong>gratia,</strong></span> <span class='ocrx_word' id='word_1_110' title='bbox 1455 1495 1514 1557; x_wconf 94' lang='lat' dir='ltr'><strong>ubi</strong></span> <span class='ocrx_word' id='word_1_111' title='bbox 1545 1515 1575 1570; x_wconf 49' lang='grc' dir='ltr'><strong>οη</strong></span> 
     </span>
     <span class='ocr_line' id='line_1_14' title="bbox 314 1577 1575 1660; baseline 0 -20"><span class='ocrx_word' id='word_1_112' title='bbox 314 1589 405 1660; x_wconf 92' lang='lat' dir='ltr'><strong>prout</strong></span> <span class='ocrx_word' id='word_1_113' title='bbox 423 1588 557 1640; x_wconf 91' lang='lat' dir='ltr'><strong>movetur</strong></span> <span class='ocrx_word' id='word_1_114' title='bbox 576 1577 615 1639; x_wconf 92' lang='lat' dir='ltr'><strong>ad</strong></span> <span class='ocrx_word' id='word_1_115' title='bbox 632 1579 855 1640; x_wconf 88' lang='lat' dir='ltr'><strong>assentiendum</strong></span> <span class='ocrx_word' id='word_1_116' title='bbox 875 1580 919 1641; x_wconf 93' lang='lat' dir='ltr'><strong>si·</strong></span> <span class='ocrx_word' id='word_1_117' title='bbox 960 1577 1121 1656; x_wconf 78' lang='lat' dir='ltr'><strong>stenditur,</strong></span> <span class='ocrx_word' id='word_1_118' title='bbox 1145 1579 1302 1644; x_wconf 87' lang='lat' dir='ltr'><strong>etiamad</strong></span> <span class='ocrx_word' id='word_1_119' title='bbox 1336 1579 1407 1642; x_wconf 90' lang='lat' dir='ltr'><strong>tidei</strong></span> <span class='ocrx_word' id='word_1_120' title='bbox 1447 1579 1575 1641; x_wconf 91' lang='lat' dir='ltr'><strong>initium</strong></span> 
     </span>
     <span class='ocr_line' id='line_1_15' title="bbox 316 1661 1574 1745; baseline 0.002 -24"><span class='ocrx_word' id='word_1_121' title='bbox 316 1683 351 1725; x_wconf 92' lang='lat' dir='ltr'><strong>ve</strong></span> <span class='ocrx_word' id='word_1_122' title='bbox 365 1663 471 1745; x_wconf 92' lang='lat' dir='ltr'><strong>primis</strong></span> <span class='ocrx_word' id='word_1_123' title='bbox 495 1661 650 1742; x_wconf 80' lang='lat' dir='ltr'><strong>principiis</strong></span> <span class='ocrx_word' id='word_1_124' title='bbox 673 1661 858 1740; x_wconf 82' lang='lat' dir='ltr'><strong>immediate,</strong></span> <span class='ocrx_word' id='word_1_125' title='bbox 880 1663 921 1724; x_wconf 89' lang='lat' dir='ltr'><strong>si·</strong></span> <span class='ocrx_word' id='word_1_126' title='bbox 960 1662 1163 1725; x_wconf 90' lang='lat' dir='ltr'><strong>necessariam</strong></span> <span class='ocrx_word' id='word_1_127' title='bbox 1181 1663 1307 1739; x_wconf 79' lang='lat' dir='ltr'><strong>gratiam</strong></span> <span class='ocrx_word' id='word_1_128' title='bbox 1328 1681 1412 1742; x_wconf 86' lang='lat' dir='ltr'><strong>esse,</strong></span> <span class='ocrx_word' id='word_1_129' title='bbox 1428 1681 1527 1725; x_wconf 88' lang='lat' dir='ltr'><strong>secus</strong></span> <span class='ocrx_word' id='word_1_130' title='bbox 1543 1681 1574 1725; x_wconf 84' lang='lat' dir='ltr'><strong>ac</strong></span> 
     </span>
     <span class='ocr_line' id='line_1_16' title="bbox 316 1745 1575 1828; baseline 0.002 -24"><span class='ocrx_word' id='word_1_131' title='bbox 316 1767 353 1808; x_wconf 88' lang='lat' dir='ltr'><strong>ve</strong></span> <span class='ocrx_word' id='word_1_132' title='bbox 379 1746 510 1808; x_wconf 90' lang='lat' dir='ltr'><strong>mediate</strong></span> <span class='ocrx_word' id='word_1_133' title='bbox 532 1745 718 1807; x_wconf 83' lang='lat' dir='ltr'><strong>conclusioni</strong></span> <span class='ocrx_word' id='word_1_134' title='bbox 741 1765 776 1808; x_wconf 82' lang='lat' dir='ltr'><strong>en</strong></span> <span class='ocrx_word' id='word_1_135' title='bbox 806 1747 920 1809; x_wconf 87' lang='lat' dir='ltr'><strong>visione</strong></span> <span class='ocrx_word' id='word_1_136' title='bbox 961 1745 1110 1808; x_wconf 82' lang='lat' dir='ltr'><strong>docebant</strong></span> <span class='ocrx_word' id='word_1_137' title='bbox 1135 1746 1383 1828; x_wconf 82' lang='lat' dir='ltr'><strong>semipelagiani,</strong></span> <span class='ocrx_word' id='word_1_138' title='bbox 1405 1747 1575 1808; x_wconf 90' lang='lat' dir='ltr'><strong>nibilomi-</strong></span> 
     </span>
     <span class='ocr_line' id='line_1_17' title="bbox 316 1829 1576 1911; baseline 0 -21"><span class='ocrx_word' id='word_1_139' title='bbox 316 1830 547 1911; x_wconf 87' lang='lat' dir='ltr'><strong>principiorum,</strong></span> <span class='ocrx_word' id='word_1_140' title='bbox 564 1847 617 1890; x_wconf 90' lang='lat' dir='ltr'><strong>sen</strong></span> <span class='ocrx_word' id='word_1_141' title='bbox 636 1829 753 1892; x_wconf 90' lang='lat' dir='ltr'><strong>veritati</strong></span> <span class='ocrx_word' id='word_1_142' title='bbox 771 1831 920 1892; x_wconf 89' lang='lat' dir='ltr'><strong>naturali·</strong></span> <span class='ocrx_word' id='word_1_143' title='bbox 961 1847 1018 1891; x_wconf 89' lang='lat' dir='ltr'><strong>nus</strong></span> <span class='ocrx_word' id='word_1_144' title='bbox 1036 1829 1075 1892; x_wconf 88' lang='lat' dir='ltr'><strong>ad</strong></span> <span class='ocrx_word' id='word_1_145' title='bbox 1097 1830 1263 1911; x_wconf 88' lang='lat' dir='ltr'><strong>pleniorem</strong></span> <span class='ocrx_word' id='word_1_146' title='bbox 1280 1831 1371 1892; x_wconf 90' lang='lat' dir='ltr'><strong>buius</strong></span> <span class='ocrx_word' id='word_1_147' title='bbox 1399 1830 1507 1892; x_wconf 88' lang='lat' dir='ltr'><strong>nostri</strong></span> <span class='ocrx_word' id='word_1_148' title='bbox 1525 1849 1576 1892; x_wconf 92' lang='lat' dir='ltr'><strong>ar·</strong></span> 
     </span>
     <span class='ocr_line' id='line_1_18' title="bbox 319 1913 1577 1994; baseline -0.001 -19"><span class='ocrx_word' id='word_1_149' title='bbox 319 1925 364 1975; x_wconf 90' lang='lat' dir='ltr'><strong>ter</strong></span> <span class='ocrx_word' id='word_1_150' title='bbox 381 1913 530 1990; x_wconf 71' lang='lat' dir='ltr'><strong>cognitae,</strong></span> <span class='ocrx_word' id='word_1_151' title='bbox 555 1932 631 1994; x_wconf 92' lang='lat' dir='ltr'><strong>opus</strong></span> <span class='ocrx_word' id='word_1_152' title='bbox 649 1923 706 1992; x_wconf 91' lang='lat' dir='ltr'><strong>est,</strong></span> <span class='ocrx_word' id='word_1_153' title='bbox 727 1923 762 1976; x_wconf 91' lang='lat' dir='ltr'><strong>ut</strong></span> <span class='ocrx_word' id='word_1_154' title='bbox 779 1914 921 1976; x_wconf 88' lang='lat' dir='ltr'><strong>determi·</strong></span> <span class='ocrx_word' id='word_1_155' title='bbox 960 1913 1095 1990; x_wconf 82' lang='lat' dir='ltr'><strong>gumenti</strong></span> <span class='ocrx_word' id='word_1_156' title='bbox 1114 1913 1322 1976; x_wconf 85' lang='lat' dir='ltr'><strong>tractationem</strong></span> <span class='ocrx_word' id='word_1_157' title='bbox 1349 1915 1507 1976; x_wconf 91' lang='lat' dir='ltr'><strong>nonnulla</strong></span> <span class='ocrx_word' id='word_1_158' title='bbox 1534 1922 1577 1976; x_wconf 87' lang='lat' dir='ltr'><strong>at-</strong></span> 
     </span>
     <span class='ocr_line' id='line_1_19' title="bbox 319 1995 1428 2075; baseline 0.001 -16"><span class='ocrx_word' id='word_1_159' title='bbox 319 2008 408 2060; x_wconf 91' lang='lat' dir='ltr'><strong>netur</strong></span> <span class='ocrx_word' id='word_1_160' title='bbox 422 1997 659 2060; x_wconf 86' lang='lat' dir='ltr'><strong>adcredendum</strong></span> <span class='ocrx_word' id='word_1_161' title='bbox 679 2015 733 2059; x_wconf 92' lang='lat' dir='ltr'><strong>seu</strong></span> <span class='ocrx_word' id='word_1_162' title='bbox 751 1999 920 2060; x_wconf 88' lang='lat' dir='ltr'><strong>assentien-</strong></span> <span class='ocrx_word' id='word_1_163' title='bbox 961 1995 1106 2075; x_wconf 82' lang='lat' dir='ltr'><strong>tingimus</strong></span> <span class='ocrx_word' id='word_1_164' title='bbox 1125 1997 1202 2058; x_wconf 89' lang='lat' dir='ltr'><strong>scitu</strong></span> <span class='ocrx_word' id='word_1_165' title='bbox 1222 1998 1309 2060; x_wconf 90' lang='lat' dir='ltr'><strong>valde</strong></span> <span class='ocrx_word' id='word_1_166' title='bbox 1328 1997 1428 2060; x_wconf 87' lang='lat' dir='ltr'><strong>utilia.</strong></span> 
     </span>
     <span class='ocr_line' id='line_1_20' title="bbox 318 2081 1573 2163; baseline -0.001 -20"><span class='ocrx_word' id='word_1_167' title='bbox 318 2083 392 2143; x_wconf 91' lang='lat' dir='ltr'><strong>dum</strong></span> <span class='ocrx_word' id='word_1_168' title='bbox 410 2102 445 2144; x_wconf 86' lang='lat' dir='ltr'><strong>ex</strong></span> <span class='ocrx_word' id='word_1_169' title='bbox 461 2081 588 2163; x_wconf 92' lang='lat' dir='ltr'><strong>imperio</strong></span> <span class='ocrx_word' id='word_1_170' title='bbox 603 2082 778 2144; x_wconf 89' lang='lat' dir='ltr'><strong>voluntatis.</strong></span> <span class='ocrx_word' id='word_1_171' title='bbox 798 2081 835 2144; x_wconf 91' lang='lat' dir='ltr'><strong>Ut</strong></span> <span class='ocrx_word' id='word_1_172' title='bbox 849 2102 920 2144; x_wconf 92' lang='lat' dir='ltr'><strong>vero</strong></span> <span class='ocrx_word' id='word_1_173' title='bbox 1005 2081 1079 2143; x_wconf 79' lang='lat'><strong>265.</strong></span> <span class='ocrx_word' id='word_1_174' title='bbox 1100 2081 1142 2143; x_wconf 87' lang='lat' dir='ltr'><strong>Ac</strong></span> <span class='ocrx_word' id='word_1_175' title='bbox 1157 2081 1255 2162; x_wconf 90' lang='lat' dir='ltr'><strong>primo</strong></span> <span class='ocrx_word' id='word_1_176' title='bbox 1284 2081 1573 2158; x_wconf 83' lang='lat' dir='ltr'><strong>animadvertimus,</strong></span> 
     </span>
     <span class='ocr_line' id='line_1_21' title="bbox 318 2163 1575 2247; baseline -0.003 -19"><span class='ocrx_word' id='word_1_177' title='bbox 318 2174 406 2229; x_wconf 88' lang='lat' dir='ltr'><strong>actus</strong></span> <span class='ocrx_word' id='word_1_178' title='bbox 424 2165 473 2227; x_wconf 92' lang='lat' dir='ltr'><strong>hic</strong></span> <span class='ocrx_word' id='word_1_179' title='bbox 495 2166 534 2228; x_wconf 92' lang='lat' dir='ltr'><strong>sit</strong></span> <span class='ocrx_word' id='word_1_180' title='bbox 549 2166 798 2246; x_wconf 89' lang='lat' dir='ltr'><strong>supernaturalis,</strong></span> <span class='ocrx_word' id='word_1_181' title='bbox 818 2167 921 2247; x_wconf 92' lang='lat' dir='ltr'><strong>requi·</strong></span> <span class='ocrx_word' id='word_1_182' title='bbox 962 2164 1044 2244; x_wconf 90' lang='lat' dir='ltr'><strong>quod</strong></span> <span class='ocrx_word' id='word_1_183' title='bbox 1059 2181 1120 2227; x_wconf 90' lang='lat' dir='ltr'><strong>non</strong></span> <span class='ocrx_word' id='word_1_184' title='bbox 1147 2165 1256 2228; x_wconf 89' lang='lat' dir='ltr'><strong>debeat</strong></span> <span class='ocrx_word' id='word_1_185' title='bbox 1278 2165 1458 2246; x_wconf 89' lang='lat' dir='ltr'><strong>permisceri</strong></span> <span class='ocrx_word' id='word_1_186' title='bbox 1492 2163 1575 2226; x_wconf 92' lang='lat' dir='ltr'><strong>iudi-</strong></span> 
     </span>
     <span class='ocr_line' id='line_1_22' title="bbox 322 2248 1575 2331; baseline -0.002 -21"><span class='ocrx_word' id='word_1_187' title='bbox 322 2251 411 2328; x_wconf 93' lang='lat' dir='ltr'><strong>ritur,</strong></span> <span class='ocrx_word' id='word_1_188' title='bbox 429 2258 466 2311; x_wconf 86' lang='lat' dir='ltr'><strong>-nt</strong></span> <span class='ocrx_word' id='word_1_189' title='bbox 483 2257 546 2310; x_wconf 90' lang='lat' dir='ltr'><strong>tum</strong></span> <span class='ocrx_word' id='word_1_190' title='bbox 575 2250 746 2310; x_wconf 89' lang='lat' dir='ltr'><strong>intellectus</strong></span> <span class='ocrx_word' id='word_1_191' title='bbox 780 2259 843 2311; x_wconf 91' lang='lat' dir='ltr'><strong>tum</strong></span> <span class='ocrx_word' id='word_1_192' title='bbox 866 2270 921 2310; x_wconf 91' lang='lat' dir='ltr'><strong>vo·</strong></span> <span class='ocrx_word' id='word_1_193' title='bbox 963 2248 1043 2310; x_wconf 91' lang='lat' dir='ltr'><strong>cium</strong></span> <span class='ocrx_word' id='word_1_194' title='bbox 1063 2248 1241 2331; x_wconf 88' lang='lat' dir='ltr'><strong>practicum,</strong></span> <span class='ocrx_word' id='word_1_195' title='bbox 1259 2257 1293 2310; x_wconf 94' lang='lat' dir='ltr'><strong>ut</strong></span> <span class='ocrx_word' id='word_1_196' title='bbox 1305 2257 1426 2327; x_wconf 89' lang='lat' dir='ltr'><strong>vocant,</strong></span> <span class='ocrx_word' id='word_1_197' title='bbox 1447 2249 1575 2310; x_wconf 89' lang='lat' dir='ltr'><strong>intelle-</strong></span> 
     </span>
     <span class='ocr_line' id='line_1_23' title="bbox 320 2329 1576 2414; baseline -0.002 -21"><span class='ocrx_word' id='word_1_198' title='bbox 320 2335 421 2394; x_wconf 90' lang='lat' dir='ltr'><strong>tuntas</strong></span> <span class='ocrx_word' id='word_1_199' title='bbox 440 2333 556 2394; x_wconf 88' lang='lat' dir='ltr'><strong>divinae</strong></span> <span class='ocrx_word' id='word_1_200' title='bbox 586 2333 700 2409; x_wconf 83' lang='lat' dir='ltr'><strong>gratiae</strong></span> <span class='ocrx_word' id='word_1_201' title='bbox 722 2332 921 2396; x_wconf 88' lang='lat' dir='ltr'><strong>illustratione</strong></span> <span class='ocrx_word' id='word_1_202' title='bbox 963 2340 1040 2409; x_wconf 88' lang='lat' dir='ltr'><strong>otus,</strong></span> <span class='ocrx_word' id='word_1_203' title='bbox 1060 2351 1121 2414; x_wconf 90' lang='lat' dir='ltr'><strong>quo</strong></span> <span class='ocrx_word' id='word_1_204' title='bbox 1140 2331 1198 2395; x_wconf 91' lang='lat' dir='ltr'><strong>sibi</strong></span> <span class='ocrx_word' id='word_1_205' title='bbox 1221 2329 1381 2414; x_wconf 80' lang='lat' dir='ltr'><strong>persuadet</strong></span> <span class='ocrx_word' id='word_1_206' title='bbox 1413 2351 1486 2395; x_wconf 88' lang='lat' dir='ltr'><strong>esse</strong></span> <span class='ocrx_word' id='word_1_207' title='bbox 1509 2349 1576 2392; x_wconf 88' lang='lat' dir='ltr'><strong>cre·</strong></span> 
     </span>
     <span class='ocr_line' id='line_1_24' title="bbox 234 2415 1576 2497; baseline -0.003 -19"><span class='ocrx_word' id='word_1_208' title='bbox 234 2454 238 2460; x_wconf 93' lang='lat'>-</span> <span class='ocrx_word' id='word_1_209' title='bbox 323 2426 414 2496; x_wconf 89' lang='lat' dir='ltr'><strong>atque</strong></span> <span class='ocrx_word' id='word_1_210' title='bbox 436 2415 634 2497; x_wconf 83' lang='lat' dir='ltr'><strong>inspiratione</strong></span> <span class='ocrx_word' id='word_1_211' title='bbox 645 2416 875 2496; x_wconf 85' lang='lat' dir='ltr'><strong>praeveniantur</strong></span> <span class='ocrx_word' id='word_1_212' title='bbox 892 2427 922 2479; x_wconf 88' lang='lat' dir='ltr'><strong>et</strong></span> <span class='ocrx_word' id='word_1_213' title='bbox 963 2415 1092 2478; x_wconf 91' lang='lat' dir='ltr'><strong>dendum</strong></span> <span class='ocrx_word' id='word_1_214' title='bbox 1110 2416 1150 2478; x_wconf 93' lang='lat' dir='ltr'><strong>ob</strong></span> <span class='ocrx_word' id='word_1_215' title='bbox 1163 2416 1273 2478; x_wconf 89' lang='lat' dir='ltr'><strong>motiva</strong></span> <span class='ocrx_word' id='word_1_216' title='bbox 1287 2415 1505 2479; x_wconf 88' lang='lat' dir='ltr'><strong>credibilitatis</strong></span> <span class='ocrx_word' id='word_1_217' title='bbox 1522 2433 1576 2475; x_wconf 90' lang='lat' dir='ltr'><strong>na·</strong></span> 
     </span>
     <span class='ocr_line' id='line_1_25' title="bbox 324 2497 1574 2582; baseline -0.002 -22"><span class='ocrx_word' id='word_1_218' title='bbox 324 2500 513 2561; x_wconf 83' lang='lat' dir='ltr'><strong>adimantur.</strong></span> <span class='ocrx_word' id='word_1_219' title='bbox 533 2497 599 2570; x_wconf 82' lang='lat' dir='ltr'><strong>Quo</strong></span> <span class='ocrx_word' id='word_1_220' title='bbox 618 2499 651 2560; x_wconf 90' lang='lat' dir='ltr'><strong>tit</strong></span> <span class='ocrx_word' id='word_1_221' title='bbox 667 2507 701 2560; x_wconf 92' lang='lat' dir='ltr'><strong>ut</strong></span> <span class='ocrx_word' id='word_1_222' title='bbox 718 2499 787 2561; x_wconf 87' lang='lat' dir='ltr'><strong>fidei</strong></span> <span class='ocrx_word' id='word_1_223' title='bbox 802 2502 920 2563; x_wconf 89' lang='lat' dir='ltr'><strong>tbeolo-</strong></span> <span class='ocrx_word' id='word_1_224' title='bbox 965 2499 1054 2562; x_wconf 91' lang='lat' dir='ltr'><strong>turali</strong></span> <span class='ocrx_word' id='word_1_225' title='bbox 1079 2500 1195 2562; x_wconf 88' lang='lat' dir='ltr'><strong>ratione</strong></span> <span class='ocrx_word' id='word_1_226' title='bbox 1225 2500 1344 2579; x_wconf 83' lang='lat' dir='ltr'><strong>cognita</strong></span> <span class='ocrx_word' id='word_1_227' title='bbox 1363 2519 1432 2561; x_wconf 90' lang='lat' dir='ltr'><strong>cum</strong></span> <span class='ocrx_word' id='word_1_228' title='bbox 1450 2497 1574 2582; x_wconf 82' lang='lat' dir='ltr'><strong>praevia</strong></span> 
     </span>
     <span class='ocr_line' id='line_1_26' title="bbox 319 2581 1574 2666; baseline -0.002 -22"><span class='ocrx_word' id='word_1_229' title='bbox 319 2585 406 2660; x_wconf 85' lang='lat' dir='ltr'><strong>gicae</strong></span> <span class='ocrx_word' id='word_1_230' title='bbox 424 2593 508 2645; x_wconf 87' lang='lat' dir='ltr'><strong>actus</strong></span> <span class='ocrx_word' id='word_1_231' title='bbox 527 2583 597 2644; x_wconf 93' lang='lat' dir='ltr'><strong>inde</strong></span> <span class='ocrx_word' id='word_1_232' title='bbox 618 2584 797 2664; x_wconf 89' lang='lat' dir='ltr'><strong>proveniens</strong></span> <span class='ocrx_word' id='word_1_233' title='bbox 813 2585 853 2646; x_wconf 92' lang='lat' dir='ltr'><strong>sit</strong></span> <span class='ocrx_word' id='word_1_234' title='bbox 871 2605 924 2647; x_wconf 92' lang='lat' dir='ltr'><strong>on·</strong></span> <span class='ocrx_word' id='word_1_235' title='bbox 964 2582 1016 2645; x_wconf 90' lang='lat' dir='ltr'><strong>illa</strong></span> <span class='ocrx_word' id='word_1_236' title='bbox 1048 2583 1184 2665; x_wconf 82' lang='lat' dir='ltr'><strong>proxima</strong></span> <span class='ocrx_word' id='word_1_237' title='bbox 1201 2583 1416 2666; x_wconf 89' lang='lat' dir='ltr'><strong>dispositione,</strong></span> <span class='ocrx_word' id='word_1_238' title='bbox 1443 2601 1509 2664; x_wconf 89' lang='lat' dir='ltr'><strong>qua</strong></span> <span class='ocrx_word' id='word_1_239' title='bbox 1525 2581 1574 2642; x_wconf 94' lang='lat' dir='ltr'><strong>in-</strong></span> 
     </span>
     <span class='ocr_line' id='line_1_27' title="bbox 325 2665 1573 2748; baseline -0.003 -20"><span class='ocrx_word' id='word_1_240' title='bbox 325 2668 477 2746; x_wconf 85' lang='lat' dir='ltr'><strong>tbologice</strong></span> <span class='ocrx_word' id='word_1_241' title='bbox 492 2668 740 2748; x_wconf 88' lang='lat' dir='ltr'><strong>supernaturalis.</strong></span> <span class='ocrx_word' id='word_1_242' title='bbox 762 2667 841 2730; x_wconf 87' lang='lat' dir='ltr'><strong>liaeo</strong></span> <span class='ocrx_word' id='word_1_243' title='bbox 866 2689 923 2731; x_wconf 90' lang='lat' dir='ltr'><strong>an·</strong></span> <span class='ocrx_word' id='word_1_244' title='bbox 964 2668 1102 2729; x_wconf 84' lang='lat' dir='ltr'><strong>tellectus</strong></span> <span class='ocrx_word' id='word_1_245' title='bbox 1120 2667 1275 2730; x_wconf 91' lang='lat' dir='ltr'><strong>inducitur</strong></span> <span class='ocrx_word' id='word_1_246' title='bbox 1303 2668 1340 2730; x_wconf 89' lang='lat' dir='ltr'><strong>ad</strong></span> <span class='ocrx_word' id='word_1_247' title='bbox 1364 2665 1573 2729; x_wconf 90' lang='lat' dir='ltr'><strong>inclinandam</strong></span> 
     </span>
     <span class='ocr_line' id='line_1_28' title="bbox 325 2751 1574 2833; baseline -0.002 -21"><span class='ocrx_word' id='word_1_248' title='bbox 325 2761 385 2813; x_wconf 91' lang='lat' dir='ltr'><strong>tem</strong></span> <span class='ocrx_word' id='word_1_249' title='bbox 402 2752 516 2830; x_wconf 82' lang='lat' dir='ltr'><strong>gratiae</strong></span> <span class='ocrx_word' id='word_1_250' title='bbox 535 2751 687 2832; x_wconf 91' lang='lat' dir='ltr'><strong>operatio,</strong></span> <span class='ocrx_word' id='word_1_251' title='bbox 708 2771 768 2833; x_wconf 89' lang='lat' dir='ltr'><strong>qua</strong></span> <span class='ocrx_word' id='word_1_252' title='bbox 786 2753 923 2816; x_wconf 84' lang='lat' dir='ltr'><strong>alliciun-</strong></span> <span class='ocrx_word' id='word_1_253' title='bbox 964 2751 1172 2830; x_wconf 88' lang='lat' dir='ltr'><strong>voluntatem,</strong></span> <span class='ocrx_word' id='word_1_254' title='bbox 1194 2759 1228 2812; x_wconf 92' lang='lat' dir='ltr'><strong>ut</strong></span> <span class='ocrx_word' id='word_1_255' title='bbox 1249 2751 1379 2832; x_wconf 89' lang='lat' dir='ltr'><strong>imperet</strong></span> <span class='ocrx_word' id='word_1_256' title='bbox 1410 2767 1574 2813; x_wconf 89' lang='lat' dir='ltr'><strong>assensum</strong></span> 
     </span>
     <span class='ocr_line' id='line_1_29' title="bbox 325 2833 1572 2917; baseline -0.002 -22"><span class='ocrx_word' id='word_1_257' title='bbox 325 2844 376 2897; x_wconf 89' lang='lat' dir='ltr'><strong>tur</strong></span> <span class='ocrx_word' id='word_1_258' title='bbox 393 2836 564 2898; x_wconf 89' lang='lat' dir='ltr'><strong>intellectus</strong></span> <span class='ocrx_word' id='word_1_259' title='bbox 579 2843 609 2897; x_wconf 94' lang='lat' dir='ltr'><strong>et</strong></span> <span class='ocrx_word' id='word_1_260' title='bbox 625 2836 775 2914; x_wconf 87' lang='lat' dir='ltr'><strong>voluntas,</strong></span> <span class='ocrx_word' id='word_1_261' title='bbox 796 2837 849 2900; x_wconf 90' lang='lat' dir='ltr'><strong>illa</strong></span> <span class='ocrx_word' id='word_1_262' title='bbox 866 2848 922 2916; x_wconf 90' lang='lat' dir='ltr'><strong>est,</strong></span> <span class='ocrx_word' id='word_1_263' title='bbox 966 2835 1092 2898; x_wconf 90' lang='lat' dir='ltr'><strong>obiectis</strong></span> <span class='ocrx_word' id='word_1_264' title='bbox 1111 2835 1402 2917; x_wconf 89' lang='lat' dir='ltr'><strong>supernaturalibus.</strong></span> <span class='ocrx_word' id='word_1_265' title='bbox 1435 2833 1572 2909; x_wconf 81' lang='lat' dir='ltr'><strong>Etenim,</strong></span> 
     </span>
     <span class='ocr_line' id='line_1_30' title="bbox 323 2913 1575 3002; baseline -0.002 -22"><span class='ocrx_word' id='word_1_266' title='bbox 323 2940 405 2999; x_wconf 87' lang='lat' dir='ltr'><strong>qnae</strong></span> <span class='ocrx_word' id='word_1_267' title='bbox 416 2922 508 2997; x_wconf 85' lang='lat' dir='ltr'><strong>vulgo</strong></span> <span class='ocrx_word' id='word_1_268' title='bbox 524 2920 573 3001; x_wconf 92' lang='lat' dir='ltr'><strong>pia</strong></span> <span class='ocrx_word' id='word_1_269' title='bbox 586 2919 704 2982; x_wconf 84' lang='lat' dir='ltr'><strong>affectio</strong></span> <span class='ocrx_word' id='word_1_270' title='bbox 715 2940 769 2982; x_wconf 91' lang='lat' dir='ltr'><strong>seu</strong></span> <span class='ocrx_word' id='word_1_271' title='bbox 782 2921 850 3002; x_wconf 91' lang='lat' dir='ltr'><strong>pius</strong></span> <span class='ocrx_word' id='word_1_272' title='bbox 863 2940 927 2984; x_wconf 90' lang='lat' dir='ltr'><strong>cre-</strong></span> <span class='ocrx_word' id='word_1_273' title='bbox 966 2919 1010 2981; x_wconf 94' lang='lat' dir='ltr'><strong>uti</strong></span> <span class='ocrx_word' id='word_1_274' title='bbox 1032 2919 1093 2982; x_wconf 93' lang='lat' dir='ltr'><strong>iam</strong></span> <span class='ocrx_word' id='word_1_275' title='bbox 1108 2920 1197 3001; x_wconf 90' lang='lat' dir='ltr'><strong>paulo</strong></span> <span class='ocrx_word' id='word_1_276' title='bbox 1217 2926 1286 2982; x_wconf 90' lang='lat' dir='ltr'><strong>ante</strong></span> <span class='ocrx_word' id='word_1_277' title='bbox 1304 2919 1475 2998; x_wconf 87' lang='lat' dir='ltr'><strong>innuimus,</strong></span> <span class='ocrx_word' id='word_1_278' title='bbox 1499 2913 1575 2978; x_wconf 91' lang='lat' dir='ltr'><strong>illud</strong></span> 
     </span>
     <span class='ocr_line' id='line_1_31' title="bbox 322 3000 1577 3086; baseline -0.002 -23"><span class='ocrx_word' id='word_1_279' title='bbox 322 3005 459 3066; x_wconf 91' lang='lat' dir='ltr'><strong>dulitatis</strong></span> <span class='ocrx_word' id='word_1_280' title='bbox 473 3005 597 3066; x_wconf 84' lang='lat' dir='ltr'><strong>allectus</strong></span> <span class='ocrx_word' id='word_1_281' title='bbox 616 3014 817 3086; x_wconf 89' lang='lat' dir='ltr'><strong>nuncupatur,</strong></span> <span class='ocrx_word' id='word_1_282' title='bbox 834 3014 925 3086; x_wconf 87' lang='lat' dir='ltr'><strong>atque</strong></span> <span class='ocrx_word' id='word_1_283' title='bbox 967 3003 1122 3084; x_wconf 88' lang='lat' dir='ltr'><strong>praevium</strong></span> <span class='ocrx_word' id='word_1_284' title='bbox 1137 3003 1283 3066; x_wconf 87' lang='lat' dir='ltr'><strong>iudicium</strong></span> <span class='ocrx_word' id='word_1_285' title='bbox 1299 3003 1464 3085; x_wconf 90' lang='lat' dir='ltr'><strong>practicum</strong></span> <span class='ocrx_word' id='word_1_286' title='bbox 1488 3000 1577 3064; x_wconf 91' lang='lat' dir='ltr'><strong>intel·</strong></span> 
     </span>
     <span class='ocr_line' id='line_1_32' title="bbox 322 3086 1575 3168; baseline -0.003 -20"><span class='ocrx_word' id='word_1_287' title='bbox 322 3088 448 3149; x_wconf 91' lang='lat' dir='ltr'><strong>omnino</strong></span> <span class='ocrx_word' id='word_1_288' title='bbox 467 3086 638 3150; x_wconf 87' lang='lat' dir='ltr'><strong>necessaria</strong></span> <span class='ocrx_word' id='word_1_289' title='bbox 656 3096 703 3149; x_wconf 91' lang='lat' dir='ltr'><strong>est</strong></span> <span class='ocrx_word' id='word_1_290' title='bbox 720 3088 870 3151; x_wconf 87' lang='lat' dir='ltr'><strong>adactum</strong></span> <span class='ocrx_word' id='word_1_291' title='bbox 887 3092 925 3152; x_wconf 90' lang='lat' dir='ltr'><strong>ti-</strong></span> <span class='ocrx_word' id='word_1_292' title='bbox 966 3087 1075 3167; x_wconf 89' lang='lat' dir='ltr'><strong>lectus,</strong></span> <span class='ocrx_word' id='word_1_293' title='bbox 1100 3094 1204 3168; x_wconf 88' lang='lat' dir='ltr'><strong>utpote</strong></span> <span class='ocrx_word' id='word_1_294' title='bbox 1226 3086 1428 3150; x_wconf 88' lang='lat' dir='ltr'><strong>necessarium</strong></span> <span class='ocrx_word' id='word_1_295' title='bbox 1462 3095 1496 3149; x_wconf 86' lang='lat' dir='ltr'><strong>et</strong></span> <span class='ocrx_word' id='word_1_296' title='bbox 1529 3101 1575 3146; x_wconf 92' lang='lat' dir='ltr'><strong>or·</strong></span> 
     </span>
     <span class='ocr_line' id='line_1_33' title="bbox 323 3167 1575 3251; baseline -0.002 -20"><span class='ocrx_word' id='word_1_297' title='bbox 323 3171 374 3232; x_wconf 92' lang='lat' dir='ltr'><strong>dei</strong></span> <span class='ocrx_word' id='word_1_298' title='bbox 392 3170 652 3251; x_wconf 88' lang='lat' dir='ltr'><strong>supernaturalem</strong></span> <span class='ocrx_word' id='word_1_299' title='bbox 669 3171 864 3248; x_wconf 90' lang='lat' dir='ltr'><strong>eliciendum,</strong></span> <span class='ocrx_word' id='word_1_300' title='bbox 881 3175 925 3236; x_wconf 93' lang='lat' dir='ltr'><strong>uti</strong></span> <span class='ocrx_word' id='word_1_301' title='bbox 967 3178 1032 3232; x_wconf 92' lang='lat' dir='ltr'><strong>tum</strong></span> <span class='ocrx_word' id='word_1_302' title='bbox 1056 3189 1093 3234; x_wconf 85' lang='lat' dir='ltr'><strong>ex</strong></span> <span class='ocrx_word' id='word_1_303' title='bbox 1124 3171 1273 3234; x_wconf 87' lang='lat' dir='ltr'><strong>evidentia</strong></span> <span class='ocrx_word' id='word_1_304' title='bbox 1292 3170 1459 3232; x_wconf 85' lang='lat' dir='ltr'><strong>extrinseca</strong></span> <span class='ocrx_word' id='word_1_305' title='bbox 1480 3167 1575 3232; x_wconf 88' lang='lat' dir='ltr'><strong>moti·</strong></span> 
     </span>
     <span class='ocr_line' id='line_1_34' title="bbox 323 3253 1572 3336; baseline 0 -22"><span class='ocrx_word' id='word_1_306' title='bbox 323 3255 504 3335; x_wconf 91' lang='lat' dir='ltr'><strong>insequente</strong></span> <span class='ocrx_word' id='word_1_307' title='bbox 539 3253 745 3336; x_wconf 91' lang='lat' dir='ltr'><strong>propositione</strong></span> <span class='ocrx_word' id='word_1_308' title='bbox 787 3256 925 3320; x_wconf 89' lang='lat' dir='ltr'><strong>adstrue·</strong></span> <span class='ocrx_word' id='word_1_309' title='bbox 968 3273 1086 3334; x_wconf 91' lang='lat' dir='ltr'><strong>vorum,</strong></span> <span class='ocrx_word' id='word_1_310' title='bbox 1104 3256 1241 3318; x_wconf 89' lang='lat' dir='ltr'><strong>naturale</strong></span> <span class='ocrx_word' id='word_1_311' title='bbox 1257 3263 1303 3318; x_wconf 91' lang='lat' dir='ltr'><strong>est</strong></span> <span class='ocrx_word' id='word_1_312' title='bbox 1318 3255 1503 3335; x_wconf 88' lang='lat' dir='ltr'><strong>(3);contra</strong></span> <span class='ocrx_word' id='word_1_313' title='bbox 1521 3269 1572 3314; x_wconf 88' lang='lat' dir='ltr'><strong>ve-</strong></span> 
     </span>
     <span class='ocr_line' id='line_1_35' title="bbox 323 3335 1574 3422; baseline -0.002 -24"><span class='ocrx_word' id='word_1_314' title='bbox 323 3357 405 3400; x_wconf 90' lang='lat' dir='ltr'><strong>mns.</strong></span> <span class='ocrx_word' id='word_1_315' title='bbox 966 3356 1000 3399; x_wconf 93' lang='lat' dir='ltr'><strong>ro</strong></span> <span class='ocrx_word' id='word_1_316' title='bbox 1019 3337 1072 3401; x_wconf 90' lang='lat' dir='ltr'><strong>illa</strong></span> <span class='ocrx_word' id='word_1_317' title='bbox 1089 3338 1246 3422; x_wconf 88' lang='lat' dir='ltr'><strong>dispositio</strong></span> <span class='ocrx_word' id='word_1_318' title='bbox 1265 3339 1400 3421; x_wconf 88' lang='lat' dir='ltr'><strong>proxima</strong></span> <span class='ocrx_word' id='word_1_319' title='bbox 1425 3337 1464 3400; x_wconf 90' lang='lat' dir='ltr'><strong>ad</strong></span> <span class='ocrx_word' id='word_1_320' title='bbox 1483 3335 1574 3400; x_wconf 91' lang='lat' dir='ltr'><strong>incli-</strong></span> 
     </span>
    </p>

    <p class='ocr_par' dir='ltr' id='par_1_4' title="bbox 273 3419 1648 4511">
     <span class='ocr_line' id='line_1_36' title="bbox 368 3419 1575 3506; baseline -0.002 -24"><span class='ocrx_word' id='word_1_321' title='bbox 368 3421 443 3484; x_wconf 71' lang='lat'><strong>263.</strong></span> <span class='ocrx_word' id='word_1_322' title='bbox 464 3419 586 3484; x_wconf 89' lang='lat' dir='ltr'><strong>interim</strong></span> <span class='ocrx_word' id='word_1_323' title='bbox 604 3438 641 3482; x_wconf 82' lang='lat' dir='ltr'><strong>ex</strong></span> <span class='ocrx_word' id='word_1_324' title='bbox 669 3422 843 3503; x_wconf 92' lang='lat' dir='ltr'><strong>praemissis</strong></span> <span class='ocrx_word' id='word_1_325' title='bbox 871 3444 926 3506; x_wconf 92' lang='lat' dir='ltr'><strong>pa·</strong></span> <span class='ocrx_word' id='word_1_326' title='bbox 968 3422 1097 3485; x_wconf 91' lang='lat' dir='ltr'><strong>nandam</strong></span> <span class='ocrx_word' id='word_1_327' title='bbox 1116 3425 1299 3486; x_wconf 88' lang='lat' dir='ltr'><strong>voluntatem</strong></span> <span class='ocrx_word' id='word_1_328' title='bbox 1323 3431 1368 3485; x_wconf 90' lang='lat' dir='ltr'><strong>est</strong></span> <span class='ocrx_word' id='word_1_329' title='bbox 1392 3427 1575 3503; x_wconf 91' lang='lat' dir='ltr'><strong>supernatu-</strong></span> 
     </span>
     <span class='ocr_line' id='line_1_37' title="bbox 324 3505 1570 3588; baseline -0.001 -22"><span class='ocrx_word' id='word_1_330' title='bbox 324 3513 378 3584; x_wconf 88' lang='lat' dir='ltr'><strong>tet,</strong></span> <span class='ocrx_word' id='word_1_331' title='bbox 400 3505 482 3587; x_wconf 92' lang='lat' dir='ltr'><strong>qnod</strong></span> <span class='ocrx_word' id='word_1_332' title='bbox 500 3514 585 3569; x_wconf 89' lang='lat' dir='ltr'><strong>actus</strong></span> <span class='ocrx_word' id='word_1_333' title='bbox 603 3505 673 3568; x_wconf 90' lang='lat' dir='ltr'><strong>tidei</strong></span> <span class='ocrx_word' id='word_1_334' title='bbox 692 3525 795 3588; x_wconf 89' lang='lat' dir='ltr'><strong>presse</strong></span> <span class='ocrx_word' id='word_1_335' title='bbox 808 3508 927 3572; x_wconf 90' lang='lat' dir='ltr'><strong>deliniri</strong></span> <span class='ocrx_word' id='word_1_336' title='bbox 967 3506 1039 3569; x_wconf 89' lang='lat' dir='ltr'><strong>ralis</strong></span> <span class='ocrx_word' id='word_1_337' title='bbox 1058 3507 1155 3570; x_wconf 89' lang='lat' dir='ltr'><strong>libera</strong></span> <span class='ocrx_word' id='word_1_338' title='bbox 1183 3516 1214 3570; x_wconf 87' lang='lat' dir='ltr'><strong>et</strong></span> <span class='ocrx_word' id='word_1_339' title='bbox 1242 3527 1260 3570; x_wconf 89' lang='lat' dir='ltr'><strong>a</strong></span> <span class='ocrx_word' id='word_1_340' title='bbox 1281 3506 1377 3586; x_wconf 85' lang='lat' dir='ltr'><strong>gratia</strong></span> <span class='ocrx_word' id='word_1_341' title='bbox 1407 3505 1570 3587; x_wconf 81' lang='lat' dir='ltr'><strong>procedit3</strong></span> 
     </span>
     <span class='ocr_line' id='line_1_38' title="bbox 324 3588 1554 3672; baseline -0.004 -20"><span class='ocrx_word' id='word_1_342' title='bbox 324 3590 431 3670; x_wconf 90' lang='lat' dir='ltr'><strong>possit:</strong></span> <span class='ocrx_word' id='word_1_343' title='bbox 452 3590 601 3654; x_wconf 78' lang='lat' dir='ltr'><strong>Assensus</strong></span> <span class='ocrx_word' id='word_1_344' title='bbox 618 3591 723 3652; x_wconf 86' lang='lat' dir='ltr'><strong>sumus</strong></span> <span class='ocrx_word' id='word_1_345' title='bbox 741 3591 773 3653; x_wconf 96' lang='lat' dir='ltr'><strong>in</strong></span> <span class='ocrx_word' id='word_1_346' title='bbox 791 3594 926 3656; x_wconf 88' lang='lat' dir='ltr'><strong>auctori·</strong></span> <span class='ocrx_word' id='word_1_347' title='bbox 968 3592 1063 3653; x_wconf 89' lang='lat' dir='ltr'><strong>multo</strong></span> <span class='ocrx_word' id='word_1_348' title='bbox 1078 3609 1148 3654; x_wconf 91' lang='lat' dir='ltr'><strong>vero</strong></span> <span class='ocrx_word' id='word_1_349' title='bbox 1170 3591 1265 3670; x_wconf 81' lang='lat' dir='ltr'><strong>magis</strong></span> <span class='ocrx_word' id='word_1_350' title='bbox 1281 3591 1345 3672; x_wconf 91' lang='lat' dir='ltr'><strong>ipse</strong></span> <span class='ocrx_word' id='word_1_351' title='bbox 1364 3588 1433 3652; x_wconf 87' lang='lat' dir='ltr'><strong>tidei</strong></span> <span class='ocrx_word' id='word_1_352' title='bbox 1454 3598 1554 3652; x_wconf 88' lang='lat' dir='ltr'><strong>actus.</strong></span> 
     </span>
     <span class='ocr_line' id='line_1_39' title="bbox 324 3672 1648 3748; baseline -0.002 -14"><span class='ocrx_word' id='word_1_353' title='bbox 324 3674 924 3741; x_wconf 83' lang='lat' dir='ltr'><strong>tntebeiobscurerevelantislundatus.</strong></span> <span class='ocrx_word' id='word_1_354' title='bbox 1013 3675 1087 3738; x_wconf 78' lang='lat' dir='ltr'><strong>tto.</strong></span> <span class='ocrx_word' id='word_1_355' title='bbox 1114 3675 1387 3738; x_wconf 82' lang='lat' dir='ltr'><strong>Animadvertimus</strong></span> <span class='ocrx_word' id='word_1_356' title='bbox 1420 3672 1571 3748; x_wconf 88' lang='lat' dir='ltr'><strong>secundo,</strong></span> <span class='ocrx_word' id='word_1_357' title='bbox 1645 3685 1648 3690; x_wconf 87' lang='lat'>·</span> 
     </span>
     <span class='ocr_line' id='line_1_40' title="bbox 324 3756 1573 3841; baseline -0.002 -22"><span class='ocrx_word' id='word_1_358' title='bbox 324 3756 441 3820; x_wconf 86' lang='lat' dir='ltr'><strong>Dicitur</strong></span> <span class='ocrx_word' id='word_1_359' title='bbox 459 3777 601 3821; x_wconf 89' lang='lat' dir='ltr'><strong>assensus</strong></span> <span class='ocrx_word' id='word_1_360' title='bbox 625 3759 663 3820; x_wconf 91' lang='lat' dir='ltr'><strong>ad</strong></span> <span class='ocrx_word' id='word_1_361' title='bbox 683 3759 925 3841; x_wconf 80' lang='lat' dir='ltr'><strong>significandum,</strong></span> <span class='ocrx_word' id='word_1_362' title='bbox 970 3759 1027 3822; x_wconf 90' lang='lat' dir='ltr'><strong>sub</strong></span> <span class='ocrx_word' id='word_1_363' title='bbox 1048 3759 1188 3837; x_wconf 79' lang='lat' dir='ltr'><strong>generice</strong></span> <span class='ocrx_word' id='word_1_364' title='bbox 1207 3767 1293 3822; x_wconf 90' lang='lat' dir='ltr'><strong>actus</strong></span> <span class='ocrx_word' id='word_1_365' title='bbox 1308 3757 1378 3820; x_wconf 89' lang='lat' dir='ltr'><strong>tidei</strong></span> <span class='ocrx_word' id='word_1_366' title='bbox 1393 3757 1573 3820; x_wconf 91' lang='lat' dir='ltr'><strong>denomina-</strong></span> 
     </span>
     <span class='ocr_line' id='line_1_41' title="bbox 323 3841 1571 3924; baseline -0.002 -24"><span class='ocrx_word' id='word_1_367' title='bbox 323 3841 411 3904; x_wconf 91' lang='lat' dir='ltr'><strong>itlum</strong></span> <span class='ocrx_word' id='word_1_368' title='bbox 431 3851 531 3904; x_wconf 90' lang='lat' dir='ltr'><strong>actum</strong></span> <span class='ocrx_word' id='word_1_369' title='bbox 551 3843 706 3924; x_wconf 91' lang='lat' dir='ltr'><strong>proprium</strong></span> <span class='ocrx_word' id='word_1_370' title='bbox 724 3863 792 3907; x_wconf 90' lang='lat' dir='ltr'><strong>esse</strong></span> <span class='ocrx_word' id='word_1_371' title='bbox 805 3845 928 3909; x_wconf 91' lang='lat' dir='ltr'><strong>intelle·</strong></span> <span class='ocrx_word' id='word_1_372' title='bbox 970 3842 1051 3906; x_wconf 87' lang='lat' dir='ltr'><strong>tione</strong></span> <span class='ocrx_word' id='word_1_373' title='bbox 1060 3861 1115 3906; x_wconf 87' lang='lat' dir='ltr'><strong>nos</strong></span> <span class='ocrx_word' id='word_1_374' title='bbox 1129 3842 1384 3924; x_wconf 87' lang='lat' dir='ltr'><strong>comprehendere</strong></span> <span class='ocrx_word' id='word_1_375' title='bbox 1392 3849 1457 3904; x_wconf 90' lang='lat' dir='ltr'><strong>tum</strong></span> <span class='ocrx_word' id='word_1_376' title='bbox 1470 3850 1571 3903; x_wconf 87' lang='lat' dir='ltr'><strong>actum</strong></span> 
     </span>
     <span class='ocr_line' id='line_1_42' title="bbox 323 3925 1571 4010; baseline 0.001 -26"><span class='ocrx_word' id='word_1_377' title='bbox 323 3925 485 4002; x_wconf 85' lang='lat' dir='ltr'><strong>ctus,licet</strong></span> <span class='ocrx_word' id='word_1_378' title='bbox 498 3926 537 3987; x_wconf 93' lang='lat' dir='ltr'><strong>sit</strong></span> <span class='ocrx_word' id='word_1_379' title='bbox 555 3927 926 4010; x_wconf 83' lang='lat' dir='ltr'><strong>avoluntateimperatus3</strong></span> <span class='ocrx_word' id='word_1_380' title='bbox 970 3926 1039 3989; x_wconf 87' lang='lat' dir='ltr'><strong>tidei</strong></span> <span class='ocrx_word' id='word_1_381' title='bbox 1061 3926 1194 3990; x_wconf 90' lang='lat' dir='ltr'><strong>elicitum</strong></span> <span class='ocrx_word' id='word_1_382' title='bbox 1219 3945 1254 3988; x_wconf 84' lang='lat' dir='ltr'><strong>ev</strong></span> <span class='ocrx_word' id='word_1_383' title='bbox 1275 3925 1402 4007; x_wconf 91' lang='lat' dir='ltr'><strong>imperio</strong></span> <span class='ocrx_word' id='word_1_384' title='bbox 1430 3926 1571 3986; x_wconf 89' lang='lat' dir='ltr'><strong>volunta-</strong></span> 
     </span>
     <span class='ocr_line' id='line_1_43' title="bbox 325 4007 1570 4092; baseline -0.001 -24"><span class='ocrx_word' id='word_1_385' title='bbox 325 4007 522 4070; x_wconf 91' lang='lat' dir='ltr'><strong>additurvero</strong></span> <span class='ocrx_word' id='word_1_386' title='bbox 533 4011 649 4088; x_wconf 87' lang='lat' dir='ltr'><strong>firmus,</strong></span> <span class='ocrx_word' id='word_1_387' title='bbox 663 4029 724 4090; x_wconf 89' lang='lat' dir='ltr'><strong>quo</strong></span> <span class='ocrx_word' id='word_1_388' title='bbox 736 4011 930 4092; x_wconf 84' lang='lat' dir='ltr'><strong>distinguitur</strong></span> <span class='ocrx_word' id='word_1_389' title='bbox 970 4011 1020 4088; x_wconf 88' lang='lat' dir='ltr'><strong>tis,</strong></span> <span class='ocrx_word' id='word_1_390' title='bbox 1044 4019 1106 4072; x_wconf 92' lang='lat' dir='ltr'><strong>tum</strong></span> <span class='ocrx_word' id='word_1_391' title='bbox 1126 4011 1277 4092; x_wconf 91' lang='lat' dir='ltr'><strong>praeviam</strong></span> <span class='ocrx_word' id='word_1_392' title='bbox 1300 4011 1382 4072; x_wconf 91' lang='lat' dir='ltr'><strong>illam</strong></span> <span class='ocrx_word' id='word_1_393' title='bbox 1403 4009 1570 4090; x_wconf 81' lang='lat' dir='ltr'><strong>proximam</strong></span> 
     </span>
     <span class='ocr_line' id='line_1_44' title="bbox 323 4091 1571 4176; baseline 0 -24"><span class='ocrx_word' id='word_1_394' title='bbox 323 4091 364 4152; x_wconf 92' lang='lat' dir='ltr'><strong>ab</strong></span> <span class='ocrx_word' id='word_1_395' title='bbox 380 4091 533 4172; x_wconf 89' lang='lat' dir='ltr'><strong>opinione;</strong></span> <span class='ocrx_word' id='word_1_396' title='bbox 554 4092 677 4154; x_wconf 92' lang='lat' dir='ltr'><strong>demum</strong></span> <span class='ocrx_word' id='word_1_397' title='bbox 692 4094 725 4154; x_wconf 95' lang='lat' dir='ltr'><strong>in</strong></span> <span class='ocrx_word' id='word_1_398' title='bbox 751 4098 929 4160; x_wconf 89' lang='lat' dir='ltr'><strong>auctoritate</strong></span> <span class='ocrx_word' id='word_1_399' title='bbox 970 4093 1195 4176; x_wconf 90' lang='lat' dir='ltr'><strong>dispositionem</strong></span> <span class='ocrx_word' id='word_1_400' title='bbox 1205 4093 1350 4156; x_wconf 91' lang='lat' dir='ltr'><strong>voluntati</strong></span> <span class='ocrx_word' id='word_1_401' title='bbox 1362 4102 1571 4175; x_wconf 84' lang='lat' dir='ltr'><strong>praeeuntem,</strong></span> 
     </span>
     <span class='ocr_line' id='line_1_45' title="bbox 323 4173 1572 4260; baseline -0.001 -24"><span class='ocrx_word' id='word_1_402' title='bbox 323 4173 379 4238; x_wconf 86' lang='lat' dir='ltr'><strong>Ilei</strong></span> <span class='ocrx_word' id='word_1_403' title='bbox 391 4175 545 4253; x_wconf 80' lang='lat' dir='ltr'><strong>fundatus,</strong></span> <span class='ocrx_word' id='word_1_404' title='bbox 563 4195 623 4256; x_wconf 90' lang='lat' dir='ltr'><strong>qno</strong></span> <span class='ocrx_word' id='word_1_405' title='bbox 637 4176 823 4254; x_wconf 82' lang='lat' dir='ltr'><strong>significatur</strong></span> <span class='ocrx_word' id='word_1_406' title='bbox 841 4181 928 4242; x_wconf 92' lang='lat' dir='ltr'><strong>obie-</strong></span> <span class='ocrx_word' id='word_1_407' title='bbox 970 4196 1047 4258; x_wconf 88' lang='lat' dir='ltr'><strong>quae</strong></span> <span class='ocrx_word' id='word_1_408' title='bbox 1064 4177 1102 4240; x_wconf 91' lang='lat' dir='ltr'><strong>ad</strong></span> <span class='ocrx_word' id='word_1_409' title='bbox 1123 4177 1331 4260; x_wconf 90' lang='lat' dir='ltr'><strong>imperandum</strong></span> <span class='ocrx_word' id='word_1_410' title='bbox 1355 4176 1506 4238; x_wconf 88' lang='lat' dir='ltr'><strong>eiusmodi</strong></span> <span class='ocrx_word' id='word_1_411' title='bbox 1524 4192 1572 4237; x_wconf 88' lang='lat' dir='ltr'><strong>as·</strong></span> 
     </span>
     <span class='ocr_line' id='line_1_46' title="bbox 322 4258 1573 4340; baseline -0.002 -21"><span class='ocrx_word' id='word_1_412' title='bbox 322 4266 406 4321; x_wconf 88' lang='lat' dir='ltr'><strong>ctum</strong></span> <span class='ocrx_word' id='word_1_413' title='bbox 418 4258 635 4338; x_wconf 86' lang='lat' dir='ltr'><strong>fideiiormole,</strong></span> <span class='ocrx_word' id='word_1_414' title='bbox 646 4261 877 4340; x_wconf 78' lang='lat' dir='ltr'><strong>etdistinguitur</strong></span> <span class='ocrx_word' id='word_1_415' title='bbox 890 4266 929 4327; x_wconf 94' lang='lat' dir='ltr'><strong>ab</strong></span> <span class='ocrx_word' id='word_1_416' title='bbox 970 4279 1091 4324; x_wconf 88' lang='lat' dir='ltr'><strong>sonsum</strong></span> <span class='ocrx_word' id='word_1_417' title='bbox 1119 4263 1300 4324; x_wconf 90' lang='lat' dir='ltr'><strong>voluntatem</strong></span> <span class='ocrx_word' id='word_1_418' title='bbox 1330 4260 1457 4322; x_wconf 92' lang='lat' dir='ltr'><strong>inducit.</strong></span> <span class='ocrx_word' id='word_1_419' title='bbox 1491 4258 1573 4331; x_wconf 83' lang='lat' dir='ltr'><strong>Quae</strong></span> 
     </span>
     <span class='ocr_line' id='line_1_47' title="bbox 323 4341 1568 4427; baseline -0.002 -23"><span class='ocrx_word' id='word_1_420' title='bbox 323 4352 395 4405; x_wconf 88' lang='lat' dir='ltr'><strong>antu</strong></span> <span class='ocrx_word' id='word_1_421' title='bbox 414 4343 559 4406; x_wconf 90' lang='lat' dir='ltr'><strong>scientiae</strong></span> <span class='ocrx_word' id='word_1_422' title='bbox 578 4351 608 4406; x_wconf 91' lang='lat' dir='ltr'><strong>et</strong></span> <span class='ocrx_word' id='word_1_423' title='bbox 626 4363 644 4406; x_wconf 86' lang='lat' dir='ltr'><strong>a</strong></span> <span class='ocrx_word' id='word_1_424' title='bbox 662 4346 768 4426; x_wconf 89' lang='lat' dir='ltr'><strong>quovis</strong></span> <span class='ocrx_word' id='word_1_425' title='bbox 786 4348 925 4427; x_wconf 93' lang='lat' dir='ltr'><strong>evidenti;</strong></span> <span class='ocrx_word' id='word_1_426' title='bbox 970 4345 1041 4408; x_wconf 90' lang='lat' dir='ltr'><strong>licet</strong></span> <span class='ocrx_word' id='word_1_427' title='bbox 1057 4364 1111 4427; x_wconf 92' lang='lat' dir='ltr'><strong>per</strong></span> <span class='ocrx_word' id='word_1_428' title='bbox 1128 4361 1160 4408; x_wconf 88' lang='lat' dir='ltr'><strong>se</strong></span> <span class='ocrx_word' id='word_1_429' title='bbox 1177 4346 1310 4407; x_wconf 90' lang='lat' dir='ltr'><strong>nondum</strong></span> <span class='ocrx_word' id='word_1_430' title='bbox 1326 4354 1411 4408; x_wconf 84' lang='lat' dir='ltr'><strong>actus</strong></span> <span class='ocrx_word' id='word_1_431' title='bbox 1430 4344 1501 4406; x_wconf 86' lang='lat' dir='ltr'><strong>tidei</strong></span> <span class='ocrx_word' id='word_1_432' title='bbox 1519 4341 1568 4416; x_wconf 92' lang='lat' dir='ltr'><strong>sit,</strong></span> 
     </span>
     <span class='ocr_line' id='line_1_48' title="bbox 273 4424 1569 4511; baseline -0.003 -23"><span class='ocrx_word' id='word_1_433' title='bbox 273 4493 277 4500; x_wconf 64' lang='grc'>,</span> <span class='ocrx_word' id='word_1_434' title='bbox 324 4426 394 4489; x_wconf 94' lang='lat' dir='ltr'><strong>ideo</strong></span> <span class='ocrx_word' id='word_1_435' title='bbox 422 4445 494 4490; x_wconf 90' lang='lat' dir='ltr'><strong>vero</strong></span> <span class='ocrx_word' id='word_1_436' title='bbox 523 4427 665 4492; x_wconf 88' lang='lat' dir='ltr'><strong>subditur</strong></span> <span class='ocrx_word' id='word_1_437' title='bbox 685 4424 814 4495; x_wconf 84' lang='lat' dir='ltr'><strong>obscure</strong></span> <span class='ocrx_word' id='word_1_438' title='bbox 846 4451 930 4496; x_wconf 90' lang='lat' dir='ltr'><strong>reve·</strong></span> <span class='ocrx_word' id='word_1_439' title='bbox 970 4437 1130 4492; x_wconf 90' lang='lat' dir='ltr'><strong>esttamen</strong></span> <span class='ocrx_word' id='word_1_440' title='bbox 1147 4429 1294 4511; x_wconf 89' lang='lat' dir='ltr'><strong>quaedam</strong></span> <span class='ocrx_word' id='word_1_441' title='bbox 1314 4429 1381 4492; x_wconf 90' lang='lat' dir='ltr'><strong>eius</strong></span> <span class='ocrx_word' id='word_1_442' title='bbox 1406 4426 1569 4499; x_wconf 91' lang='lat' dir='ltr'><strong>inchoatio,</strong></span> 
     </span>
    </p>
   </div>
   <div class='ocr_carea' id='block_1_3' title="bbox 359 4544 1572 4684">
    <p class='ocr_par' dir='ltr' id='par_1_5' title="bbox 359 4544 1572 4684">
     <span class='ocr_line' id='line_1_49' title="bbox 1016 4544 1572 4615; baseline -0.009 -17"><span class='ocrx_word' id='word_1_443' title='bbox 1016 4547 1043 4612; x_wconf 62' lang='grc' dir='ltr'><strong>ἰ)</strong></span> <span class='ocrx_word' id='word_1_444' title='bbox 1056 4546 1095 4596; x_wconf 87' lang='lat' dir='ltr'><strong>Ci.</strong></span> <span class='ocrx_word' id='word_1_445' title='bbox 1109 4545 1215 4610; x_wconf 81' lang='lat' dir='ltr'><strong>Suarez,</strong></span> <span class='ocrx_word' id='word_1_446' title='bbox 1229 4544 1327 4615; x_wconf 87' lang='lat' dir='ltr'><strong>disput.</strong></span> <span class='ocrx_word' id='word_1_447' title='bbox 1341 4549 1367 4610; x_wconf 84' lang='lat'><strong>6,</strong></span> <span class='ocrx_word' id='word_1_448' title='bbox 1378 4551 1443 4596; x_wconf 83' lang='lat' dir='ltr'><strong>sect.</strong></span> <span class='ocrx_word' id='word_1_449' title='bbox 1462 4549 1488 4608; x_wconf 87' lang='lat' dir='ltr'><strong>l,</strong></span> <span class='ocrx_word' id='word_1_450' title='bbox 1500 4553 1572 4609; x_wconf 81' lang='lat' dir='ltr'><strong>seqq·</strong></span> 
     </span>
     <span class='ocr_line' id='line_1_50' title="bbox 359 4608 1122 4684; baseline 0.007 -23"><span class='ocrx_word' id='word_1_451' title='bbox 359 4608 398 4680; x_wconf 79' lang='lat' dir='ltr'><strong>(l)</strong></span> <span class='ocrx_word' id='word_1_452' title='bbox 410 4609 447 4676; x_wconf 87' lang='lat' dir='ltr'><strong>ll,</strong></span> <span class='ocrx_word' id='word_1_453' title='bbox 457 4615 484 4677; x_wconf 74' lang='grc' dir='ltr'><strong>Ξ,</strong></span> <span class='ocrx_word' id='word_1_454' title='bbox 504 4628 533 4682; x_wconf 87' lang='lat' dir='ltr'><strong>q.</strong></span> <span class='ocrx_word' id='word_1_455' title='bbox 545 4616 572 4678; x_wconf 76' lang='lat'><strong>2,</strong></span> <span class='ocrx_word' id='word_1_456' title='bbox 590 4619 640 4665; x_wconf 80' lang='lat' dir='ltr'><strong>ert.</strong></span> <span class='ocrx_word' id='word_1_457' title='bbox 653 4616 680 4667; x_wconf 77' lang='lat'><strong>9.</strong></span> <span class='ocrx_word' id='word_1_458' title='bbox 1017 4613 1043 4684; x_wconf 70' lang='lat' dir='ltr'><strong>a)</strong></span> <span class='ocrx_word' id='word_1_459' title='bbox 1057 4612 1122 4666; x_wconf 89' lang='lat' dir='ltr'><strong>lbid.</strong></span> 
     </span>
    </p>
   </div>
   <div class='ocr_carea' id='block_1_4' title="bbox 0 0 1865 5659">
    <p class='ocr_par' dir='ltr' id='par_1_6' title="bbox 0 0 1865 5659">
     <span class='ocr_line' id='line_1_51' title="bbox 0 0 1865 5659; baseline 0 0"><span class='ocrx_word' id='word_1_460' title='bbox 0 0 1865 5659; x_wconf 95' lang='lat' dir='ltr'><strong> </strong></span> 
     </span>
    </p>
   </div>
  </div>
 </body>
</html>
