3700 5659
393 470 434 531 bt
914 498 953 528 ne
970 483 1038 528 riou

351 578 465 638 tionem
480 574 609 637 divinam
629 573 660 634 in
678 591 804 650 genere,
825 571 955 634 reddunt
997 571 1078 634 rnodi
1097 591 1221 636 examen
1240 573 1303 636 sive
1322 573 1517 652 absolutum,
1537 575 1590 638 sive

350 670 464 722 certam
483 678 518 720 ac
546 659 710 720 evidentem
741 658 829 718 fidem
848 657 955 718 catbo-
995 657 1229 738 comparativum
1259 657 1338 720 inter
1362 677 1464 719 veram
1501 661 1590 720 eccle-

352 745 442 806 licam
474 743 506 803 in
527 742 658 824 ·specie;
685 741 835 820 siquidem
870 740 956 818 signa
996 739 1070 802 siam
1090 749 1120 802 et
1137 741 1227 802 falsas
1246 751 1344 804 sectas
1373 741 1593 820 instituere,ut

352 829 425 905 illa,
447 827 509 888 sive
533 825 644 887 motiva
676 843 736 885 non
767 824 956 904 adstipulari·
996 823 1076 884 illico
1096 824 1286 905 percipiant,
1306 844 1359 906 pro
1379 845 1443 906 qua
1462 826 1593 888 societate

352 922 402 971 tur
432 909 607 972 revelationi
640 909 672 970 in
705 908 879 985 abstracto,
903 907 958 970 sed
997 907 1107 969 motiva
1124 909 1333 970 credibilitatis
1361 910 1505 971 militent.
1525 907 1593 972 Satis

352 996 384 1055 in
400 1004 557 1071 concreto,
575 994 606 1054 iu
625 1001 765 1054 concreto
785 1001 886 1054 autem
902 1010 958 1054 seu
997 991 1078 1054 enim
1093 1001 1138 1053 est
1156 1011 1255 1069 nosse,
1276 1013 1426 1073 quaenam
1438 993 1595 1055 christiana

352 1081 385 1138 in
403 1078 542 1140 realitate
556 1097 618 1138 uon
635 1077 784 1138 habentur
797 1074 855 1136 nisi
867 1075 898 1136 in
909 1093 960 1138 cc·
997 1075 1125 1138 societas
1143 1094 1196 1136 seu
1216 1077 1343 1138 ecclesia
1362 1095 1520 1156 nunqnam
1536 1096 1596 1137 coe·

352 1164 446 1224 etesia
464 1161 625 1238 catholiea,
655 1178 762 1240 nempe
781 1159 812 1220 in
831 1159 884 1220 illa
905 1177 958 1220 so·
997 1159 1075 1238 perit
1091 1159 1149 1220 nisi
1164 1179 1182 1220 a
1200 1159 1329 1238 Christo,
1347 1171 1376 1222 et
1393 1161 1538 1241 deinceps
1554 1179 1598 1221 us

353 1246 474 1321 oietate,
489 1265 580 1326 quam
592 1243 728 1308 Christus
740 1243 956 1323 ipseinstituit‚
998 1262 1057 1322 que
1075 1242 1107 1304 in
1139 1243 1219 1304 diem
1246 1245 1323 1306 banc
1342 1244 1595 1325 perseveraverit,

354 1349 507 1410 quamque
526 1329 699 1404 magistram
717 1327 812 1388 voluit
830 1345 897 1388 esse
919 1347 959 1388 u·
998 1345 1064 1388 eam
1081 1345 1170 1407 porro
1182 1327 1278 1390 solam
1301 1328 1462 1390 ecclesiam
1483 1327 1599 1389 catholi-

355 1416 472 1475 niverso
492 1412 649 1474 hominum
672 1411 797 1488 generi,
820 1418 850 1471 et
867 1429 959 1490 quam
999 1429 1064 1472 cam
1090 1430 1168 1486 esse,
1195 1429 1256 1472 non
1289 1413 1388 1474 solum
1411 1423 1557 1492 perpetua
1574 1420 1598 1471 et

355 1505 514 1578 propterea
533 1495 646 1575 divinis}
663 1494 888 1556 characteribus
910 1493 960 1555 in-
983 1494 1114 1575 ¹absque
1135 1495 1196 1556 ulla
1224 1495 1446 1576 interruptione
1466 1514 1598 1576 perseve-

354 1581 463 1640 struxit
477 1599 512 1641 ac
527 1579 656 1641 divinam
672 1577 822 1659 patefecit.
836 1575 901 1648 Quo
914 1578 959 1654 fit,
1000 1580 1098 1640 cantia
1118 1586 1147 1640 et
1175 1579 1327 1640 successio
1356 1579 1480 1656 evincit,
1505 1598 1598 1640 verum

354 1673 389 1724 ut
402 1663 510 1725 iisdem
530 1662 738 1725 credibilitatis
750 1662 881 1738 motivis,
894 1662 961 1741 qui·
1001 1661 1092 1724 etiam
1116 1671 1216 1726 sectae
1235 1682 1339 1726 omnes
1357 1664 1429 1725 licet
1449 1662 1558 1724 invitae
1574 1661 1600 1722 id

357 1747 415 1808 bus
439 1747 596 1809 christiani
611 1747 772 1821 efficimur,
793 1746 962 1807 efficiamur
1001 1745 1157 1808 evidenter.
1182 1747 1365 1824 ostendunt,
1386 1766 1484 1828 quum
1505 1765 1599 1807 onmes

356 1832 510 1909 catholici,
532 1832 575 1892 uti
593 1831 679 1893 toties
697 1829 916 1892 adnotavimus.
1002 1829 1174 1908 etsinguiae
1187 1840 1355 1911 temporum
1369 1829 1601 1892 decursuabilla

399 1916 473 1976 248.
489 1915 534 1978 bd
550 1917 581 1976 ⁶2.
598 1918 670 1994 Nep.
688 1913 842 1994 Siquidem
862 1913 898 1974 de
913 1913 961 1975 bis
1002 1913 1178 1994 prodierint.
1193 1913 1318 1977 Difficile
1328 1915 1404 1977 foret
1419 1923 1485 1976 tum
1500 1913 1597 1988 doctis,

356 1999 497 2062 ommbus
512 1999 586 2062 certi
604 1999 759 2060 reddimur
777 1999 815 2060 ab
833 1998 962 2079 ipsailla
986 2007 1065 2060 tum
1102 1998 1279 2078 praesertim
1317 1999 1448 2066 indoctis
1486 2015 1601 2060 examen

359 2084 502 2146 societate
520 2105 538 2147 a
556 2083 672 2148 Christo
692 2083 829 2144 instituta
847 2083 879 2143 in
892 2101 962 2144 eum
1003 2081 1198 2143 intrinsecum
1220 2081 1353 2144 veritatis
1369 2083 1551 2158 instituere,
1571 2079 1600 2140 de

356 2169 459 2245 finem,
476 2177 509 2230 ut
527 2168 616 2230 nobis
631 2186 684 2248 per
701 2167 796 2247 ipsam
813 2173 964 2228 constaret
1003 2184 1064 2245 quo
1081 2166 1129 2226 bio
1147 2185 1207 2227 non
1226 2165 1362 2244 agimus,
1383 2165 1439 2228 sed
1463 2166 1544 2246 quod
1560 2173 1600 2226 at-

359 2270 428 2312 vera
445 2252 600 2329 revelatio,
622 2251 687 2312 eius
705 2250 871 2325 integritas,
889 2268 962 2311 sen·
1004 2251 1079 2310 tinet
1100 2249 1138 2310 ad
1165 2249 1378 2327 extrinsecum,
1399 2267 1437 2312 ex
1457 2250 1545 2311 dietis
1561 2248 1601 2308 fa·

359 2353 411 2394 sus
426 2353 461 2396 ac
473 2344 573 2397 cetera
589 2333 748 2396 eiusmodi.
765 2331 830 2404 Qua
845 2333 882 2394 de
894 2352 965 2395 cau·
1005 2333 1149 2396 cillimum
1168 2342 1224 2396 est.
1248 2334 1355 2410 Agitur
1375 2334 1460 2397 enim
1480 2333 1516 2396 de
1533 2333 1600 2394 facto

359 2437 393 2478 sa
411 2418 536 2479 eandem
565 2418 723 2480 ecclesiam
752 2416 869 2478 divinae
891 2435 964 2478 suae
1005 2417 1147 2480 omnibus
1165 2417 1278 2498 pervio.

359 2502 549 2563 revelationis
558 2501 784 2582 depositariam,
794 2499 962 2579 custodem,
1047 2501 1120 2562 251.
1141 2501 1184 2562 Ad
1205 2503 1235 2562 5.
1253 2503 1291 2564 D.
1312 2499 1343 2564 si
1361 2510 1505 2582 ageretur
1522 2500 1557 2561 de
1573 2517 1601 2559 e·

360 2585 567 2666 interpretem,
588 2594 706 2662 testem,
727 2584 964 2666 propagatricem
1005 2585 1124 2646 tramine
1136 2585 1410 2662 internoveritatis,
1430 2589 1484 2649 Tr.
1499 2585 1544 2647 vel
1557 2583 1599 2658 c.;

362 2680 536 2750 perpetuam
557 2669 667 2732 effecit.
1006 2669 1031 2728 si
1052 2669 1088 2730 de
1110 2669 1247 2732 examine
1272 2670 1457 2745 extrinseco,
1479 2672 1518 2734 N.
1540 2667 1602 2728 lite-

403 2753 476 2816 tlt.
498 2754 544 2816 Ad
562 2756 592 2816 3.
614 2756 652 2818 ll.
677 2752 764 2815 Falso
783 2771 818 2814 ac
838 2752 965 2814 menda·
1007 2752 1069 2813 nirn
1102 2753 1139 2814 ad
1168 2753 1226 2814 hoo
1248 2754 1398 2834 posterius
1417 2761 1545 2816 examen
1561 2751 1602 2810 in-

362 2837 448 2916 citer,
467 2841 517 2918 C.;
538 2858 607 2900 vere
624 2857 659 2900 ac
673 2837 797 2916 merito,
818 2839 858 2901 Ν.
877 2835 966 2900 Nulla
1006 2837 1191 2899 stituendum
1207 2855 1312 2898 omnes
1327 2837 1409 2900 iuxta
1419 2837 1502 2900 dicta
1517 2855 1551 2898 ex
1564 2851 1604 2894 ae·

362 2921 488 2984 istarum
506 2933 655 2986 sectarum
675 2930 773 3002 potest
793 2920 851 2982 sibi
867 2921 965 2984 vindi·
1006 2940 1079 3001 quo,
1099 2929 1158 2982 tam
1176 2921 1268 2998 docti,
1292 2941 1383 3002 quarn
1410 2919 1527 2983 indocti
1543 2923 1603 2979 sunt

362 3024 431 3066 care
458 3007 569 3070 motiva
595 3006 826 3083 credibilitatis,
845 3023 881 3066 eo
900 3004 965 3085 ipso
1007 3004 1183 3086 comparati,
1204 3024 1272 3066 cum
1290 3014 1396 3084 agatur
1422 3006 1463 3067 de
1482 3006 1558 3066 facto
1574 3019 1603 3060 o-

363 3089 445 3168 quod
463 3109 531 3152 sero
550 3090 739 3164 emerserint,
760 3107 859 3169 neque
876 3087 968 3152 idcir·
1008 3089 1129 3152 mnibus
1148 3090 1267 3166 cognito
1287 3109 1321 3150 ac
1342 3087 1601 3159 luculentissimo,

363 3191 398 3232 co
417 3182 544 3253 possunt
558 3193 590 3236 se
605 3181 658 3234 aut
670 3172 863 3236 revelationis
876 3172 968 3254 depo·
1008 3181 1061 3234 aut
1075 3173 1180 3234 saltem
1201 3172 1237 3234 de
1253 3171 1313 3254 quo
1328 3173 1388 3235 cito
1418 3171 1528 3236 instrui
1545 3185 1604 3250 pos·

363 3255 483 3318 sitarias
496 3257 595 3318 dicere
613 3266 664 3318 aut
681 3257 841 3318 verborum
854 3257 968 3320 divino·
1009 3265 1089 3318 sunt.
1107 3257 1191 3318 Docti
1203 3275 1304 3338 porro,
1319 3277 1396 3338 quos
1411 3267 1603 3338 unaquaeque

363 3358 431 3400 rom
452 3340 651 3422 interpretes,
676 3349 728 3402 aut
745 3359 778 3402 se
795 3359 896 3404 veram
914 3361 967 3404 eo·
1010 3348 1090 3402 secta
1098 3350 1265 3420 enumerat,
1274 3342 1498 3404 sunterillisde
1506 3336 1604 3420 quibus

364 3423 488 3485 alesiam
508 3426 706 3506 proclamare3
722 3424 775 3486 sed
797 3426 968 3490 necessario
1010 3423 1143 3486 Christus
1156 3425 1245 3486 dixit:
1263 3425 1413 3506 Confiteor
1426 3427 1495 3503 tibi,
1509 3425 1601 3492 Peter,

363 3526 470 3570 omnes
488 3519 518 3570 et
535 3509 672 3586 singulae
690 3516 761 3570 sunt
778 3510 969 3574 revelationis
1014 3509 1213 3572 Domioecoeli
1225 3519 1252 3572 et
1265 3517 1362 3573 terroe
1374 3511 1426 3590 qui
1437 3499 1605 3574 abscondisti

364 3593 569 3674 usurpatrices
580 3593 787 3674 ecclesiaeque
808 3593 970 3658 simulacra
1011 3594 1080 3656 boec
1095 3612 1113 3656 o
1126 3593 1308 3674 sapientibus
1323 3603 1350 3658 et
1359 3593 1569 3674 prudentibus,
1584 3591 1605 3646 et

364 3683 395 3737 et
416 3677 527 3756 larvae,
544 3697 622 3759 quae
638 3678 726 3740 aliter
742 3697 812 3740 vera
831 3698 899 3741 esse
918 3699 971 3742 ne·
1011 3678 1148 3740 revelasti
1166 3681 1200 3740 eu
1211 3677 1348 3756 parociis
1366 3678 1424 3758 (ἓ),
1446 3687 1477 3739 et
1496 3677 1605 3760 apostoj

365 3769 492 3840 queunt,
513 3764 586 3842 quin
603 3761 739 3824 Christus
751 3762 894 3825 mentitus
906 3763 972 3826 fue·
1012 3763 1071 3823 lus:
1085 3763 1218 3826 Dicentes
1235 3779 1266 3824 se
1283 3779 1343 3825 esse
1356 3763 1515 3843 sopientes,
1530 3754 1605 3846 stulta

364 3844 406 3904 rit
425 3863 542 3927 nosque
569 3846 709 3909 fefellerit
734 3847 819 3908 falsis
838 3848 970 3928 promis·
1011 3843 1085 3926 facti
1100 3854 1172 3908 suot
1192 3845 1253 3926 (3).
1273 3843 1330 3918 Qui
1349 3864 1473 3923 omnes,
1494 3843 1562 3906 dum
1579 3852 1605 3896 ω

365 3928 409 3988 sis
429 3928 491 4008 (t).
1011 3929 1131 4008 ceteris,
1152 3928 1267 3991 scilicet
1283 3929 1315 3990 in
1329 3929 1473 4012 politicis,
1490 3928 1521 3989 in
1538 3923 1604 4005 pht-

408 4011 482 4073 250.
502 4011 547 4074 td
563 4012 596 4073 l.
613 4015 688 4094 Nep.
711 4012 792 4074 Nihil
811 4013 904 4077 immo
922 4015 970 4078 fa·
1011 4013 1094 4090 sicis,
1114 4014 1146 4074 in
1165 4013 1368 4092 mathesibus,
1388 4014 1420 4075 in
1439 4006 1603 4077 industria,

364 4093 454 4155 cilius
468 4103 528 4156 tam
548 4095 643 4158 doctis
662 4115 753 4177 quam
771 4096 918 4174 indoctis,
944 4099 970 4160 si
1012 4106 1070 4160 etc.
1091 4097 1161 4176 Argi
1179 4106 1270 4173 sunt,
1290 4097 1322 4160 in
1339 4097 1459 4176 negotio
1477 4090 1602 4158 omnium

365 4178 522 4241 bonafide
543 4197 631 4257 agere
653 4179 756 4258 velint,
781 4199 871 4262 quam
889 4182 970 4244 eius·
1011 4180 1304 4259 maximoreligionis
1319 4191 1447 4244 noctuae
1466 4184 1536 4243 sunt
1548 4170 1602 4255 (4)·

400 4341 502 4409 (t)llis
525 4343 737 4412 promissionibus
765 4342 897 4395 nitebatur
925 4361 969 4396 ec·
1012 4346 1084 4397 firma
1101 4344 1151 4396 fide
1169 4361 1211 4397 eas
1228 4345 1360 4398 tenebant.

362 4411 443 4463 closis
461 4413 534 4478 prius
552 4414 650 4475 etiam,
667 4429 745 4480 quam
772 4412 798 4462 in
823 4411 971 4479 Evangeliis
1046 4411 1306 4482 (materiatura.
1377 4411 1415 4482 (5)
1433 4413 1507 4464 Rom.
1526 4411 1546 4472 1,
1559 4406 1596 4482 2²·

367 4479 530 4546 legerentur.
547 4481 660 4548 Ideoque
690 4481 739 4531 iam
767 4496 856 4530 eorum
874 4497 971 4548 posscs-
1046 4481 1190 4549 (b)blirnm
1209 4481 1602 4548 est,quntparalogisvnissern·

363 4549 436 4599 sione
462 4547 598 4599 fruebatur
626 4548 733 4600 ccclesia
751 4556 810 4598 aute
828 4564 914 4599 sacros
937 4549 970 4600 li·
1013 4551 1116 4601 volvant
1134 4548 1260 4601 eiusmodi
1277 4548 1347 4600 docti
1365 4547 1497 4609 homines,
1514 4548 1603 4612 nitu!³

365 4614 435 4680 bros,
454 4625 479 4667 et
496 4615 583 4666 filiolos
598 4633 644 4684 por
656 4617 735 4668 solam
753 4613 970 4684 praedicationem
1012 4615 1086 4670 falsas
1097 4626 1179 4670 sectas
1196 4616 1320 4686 fulciant,
1333 4626 1395 4687 quot
1407 4614 1527 4672 contortis
1538 4609 1602 4662 sert·

610 4813 754 4831 .1“ν·””*0·-
761 4813 786 4829 0
798 4816 816 4827 -t
837 4815 862 4827 θ’
944 4817 954 4828 ι
