3700 5659
778 523 874 568 carun
887 524 925 567 rr.
1396 513 1437 573 65}
1484 499 1491 510 ’

206 619 671 704 sirpploretimmediatatotius
688 618 832 678 ecclesiae
875 617 1003 678 ctionem
1025 617 1185 680 admittunt
1211 621 1248 681 ad
1269 621 1478 706 baptismum,

206 719 245 768 et
282 706 454 787 sapientum
491 703 624 764 virorum
657 700 830 782 professio,
874 699 1282 765 dummodoisticredantex
1301 711 1477 776 totocorde.

208 791 388 870 praecipue
405 806 475 849 vero
495 787 621 848 interior
636 783 751 845 divinae
763 801 832 862 gra·
875 793 963 864 prout
978 784 1132 866 Philippus
1146 803 1213 847 cum
1234 793 1374 853 eunucho
1395 783 1477 873 sectr,

209 877 281 936 tiae
300 871 486 936 illuminatio
506 878 536 932 et
553 869 722 952 inspiratio,
745 869 793 944 C.;
807 866 833 928 si
874 886 972 948 neque
991 887 1114 931 necesse
1132 877 1188 947 est,
1210 881 1242 932 ut
1255 875 1312 954 ipsi
1331 895 1406 938 nora
1423 879 1480 939 mi-

206 957 336 1038 duplici
364 957 420 1018 bac
437 953 579 1032 ratione,
611 960 663 1014 aut
690 953 833 1014 alterutra
873 953 975 1014 rocula
993 961 1110 1034 patrent
1125 953 1162 1014 ad
1180 954 1267 1016 fidem
1278 958 1475 1040 suadendam,

209 1043 332 1102 saltem
366 1039 558 1121 suppleatur,
580 1040 620 1101 N.
640 1034 751 1116 Utique
769 1034 833 1096 eri·
873 1044 962 1116 prout
981 1054 1079 1118 neque
1097 1038 1221 1117 patrarit
1241 1040 1405 1123 Philippus.

208 1124 339 1200 dentia,
357 1123 393 1185 de
413 1142 474 1203 qua
496 1121 684 1197 disserimus,
705 1137 765 1181 non
788 1126 834 1180 est
915 1120 989 1181 ate.
1008 1120 1044 1181 ll.
1065 1118 1132 1182 (tbi.
1153 1122 1183 1181 l⁰
1201 1121 1308 1186 blotira
1325 1127 1480 1190 credibili-

209 1204 731 1288 aequalisinomnibusneceodem
741 1203 832 1264 modo
874 1204 942 1266 tatis
961 1204 998 1266 ad
1023 1223 1173 1266 summurn
1205 1207 1356 1271 evidenter
1376 1213 1477 1288 credi-

209 1287 834 1371 postulandaestinsimplicibuscreden·
874 1287 964 1350 bilem
986 1307 1020 1350 ac
1044 1298 1155 1350 certam
1185 1291 1354 1355 evincerent
1386 1296 1474 1358 fidem

212 1377 305 1436 tibus
317 1375 392 1436 acin
402 1373 602 1456 sapientibus3
616 1371 765 1451 siquidem
781 1370 831 1432 isti
872 1372 1062 1434 revelationis
1076 1372 1107 1432 iu
1122 1391 1241 1452 genere,
1257 1385 1427 1440 nouantem
1443 1382 1477 1440 d-

210 1479 322 1539 perse
336 1459 418 1520 illam
428 1455 831 1540 percipiuntpenetrandoe-
872 1454 939 1516 dem
952 1456 1143 1530 catholicam,
1159 1475 1235 1537 quae
1249 1461 1313 1521 sola
1324 1462 1417 1523 virtus
1431 1473 1477 1526 est

211 1546 266 1604 ins
280 1540 590 1624 mediaetprincipia,
600 1540 644 1600 illi
654 1558 725 1602 vero
735 1538 831 1600 iulide
872 1540 1051 1618 theologica.
1076 1540 1108 1600 2⁰
1134 1540 1234 1604 Posito
1259 1544 1338 1606 enim
1365 1549 1479 1608 reuela-

210 1638 243 1688 et
264 1627 433 1688 traditione
451 1625 597 1688 ecclesiae
612 1631 642 1686 et
659 1623 829 1704 sapientum
873 1623 954 1686 tione
973 1624 1100 1703 divina,
1134 1624 1281 1688 incertum
1314 1641 1475 1709 remanet,

211 1712 306 1772 illam
339 1710 540 1792 participant3
568 1726 637 1770 nam
667 1707 729 1769 illis
758 1707 831 1769 satis
872 1726 943 1768 num
963 1707 1019 1770 ista
1034 1708 1148 1785 integra
1168 1709 1204 1772 ad
1220 1729 1274 1772 nos
1293 1715 1473 1794 pervenerit;

212 1805 289 1872 est,
314 1793 399 1876 quod
423 1793 566 1872 rideant,
593 1790 831 1873 sapientissimos
871 1791 1018 1854 incertum
1038 1792 1160 1853 ubinam
1184 1795 1362 1875 reperiatur,
1385 1817 1479 1880 quae-

212 1875 830 1941 rirosetmultitudinemchristianorum
871 1894 940 1936 nam
970 1877 1029 1938 sint
1065 1877 1266 1954 documenta,
1302 1901 1379 1962 quae
1406 1901 1473 1944 eam

214 1963 299 2023 lianc
318 1963 408 2023 sidem
425 1961 565 2043 amplecti
583 1969 616 2023 ut
633 1959 830 2021 indubitatam
871 1959 1064 2039 contineant,
1085 1961 1208 2042 quinam
1241 1963 1322 2024 illins
1354 1985 1475 2027 sensus.

215 2056 248 2107 et
266 2046 478 2120 infallibilem,
499 2052 528 2107 et
546 2043 627 2126 quod
641 2043 775 2120 audiant,
792 2044 831 2105 il·
872 2044 904 2105 3⁰
922 2043 1100 2106 Innumerae
1118 2062 1209 2126 prope
1232 2057 1330 2108 sectae
1353 2049 1476 2130 deposi-

218 2132 282 2192 lam
302 2149 373 2193 esse
397 2130 601 2192 confirmatam
621 2128 725 2190 multis
743 2126 833 2189 mira·
872 2127 964 2189 tarias
982 2145 1013 2189 se
1033 2128 1215 2209 praedicant,
1234 2138 1295 2191 tum
1313 2134 1477 2194 revelatio-

215 2216 314 2277 rulis.
333 2214 464 2286 Quodsi
488 2231 586 2294 neque
605 2213 680 2274 baec
710 2212 832 2273 sulllce-
872 2211 918 2272 nis
937 2211 1070 2290 divinae,
1090 2221 1151 2273 tum
1180 2222 1279 2276 rectae
1298 2215 1364 2278 eins
1383 2217 1477 2278 intel-

218 2311 288 2361 rent
308 2299 348 2361 ad
366 2299 486 2360 firmum
510 2297 547 2359 de
565 2295 764 2359 credibilitate
782 2295 832 2357 iu·
872 2295 1023 2375 ligentiae,
1046 2313 1184 2378 quaeque
1203 2317 1306 2360 omnes
1323 2307 1352 2362 ct
1370 2301 1476 2378 singu·

221 2384 338 2444 dicium
358 2381 590 2460 efformandum,
605 2390 667 2442 tum
685 2397 738 2461 per
755 2379 832 2440 diri·
873 2379 920 2442 lae
935 2381 1048 2462 seipsas
1067 2399 1166 2442 veram
1183 2383 1339 2445 ecclesiam
1359 2387 1480 2466 procla-

223 2487 294 2528 nanr
331 2466 561 2548 inspirationem
588 2473 619 2527 et
645 2463 831 2526 vocationem
874 2473 968 2526 mant.
985 2465 1017 2525 tl⁰
1034 2464 1174 2544 Plerique
1189 2465 1288 2528 idonei
1308 2469 1388 2530 haud
1406 2479 1476 2531 sunt

225 2551 380 2612 internam
410 2550 553 2631 compleri
585 2555 708 2631 potest3
740 2548 832 2608 immo
875 2548 937 2609 sive
953 2548 990 2610 ad
1006 2549 1178 2610 absolutum
1193 2549 1253 2612 sive
1269 2552 1306 2612 ad
1322 2554 1478 2614 relativum

225 2634 299 2696 baec
314 2635 393 2712 sola,
415 2642 449 2694 ut
467 2633 554 2696 docet
572 2652 597 2694 s.
618 2632 749 2694 Thomas
769 2631 830 2712 (l),
875 2651 999 2693 examen
1020 2633 1255 2712 instituendum,
1277 2655 1422 2716 quaenam
1443 2657 1478 2698 ex

227 2718 277 2779 illa
312 2718 497 2797 deficiente,
531 2723 630 2800 potesl
661 2715 834 2776 huiusmodi
876 2716 923 2777 bis
943 2716 1082 2777 omnibus
1099 2717 1275 2779 evidentiam
1291 2721 1479 2782 credibilita-

230 2802 460 2864 credibilitatem
478 2802 631 2883 complere
647 2799 708 2880 (ἓ).
875 2799 913 2860 tis
931 2817 999 2861 rere
1018 2801 1211 2882 praeseferat.
1226 2803 1256 2862 5.
1276 2801 1480 2884 Unaquaeque

272 2886 344 2948 ets.
362 2885 407 2948 Ad
427 2887 457 2947 8.
477 2888 552 2967 Nep.
569 2882 737 2966 Responsio
752 2890 835 2964 patet
874 2883 954 2944 viros
974 2884 1076 2945 doctos
1105 2885 1135 2944 in
1154 2886 1274 2966 propria
1302 2897 1383 2948 secta
1402 2907 1480 2949 ertu-

240 2987 274 3028 en
289 2970 373 3032 modo
393 2968 492 3031 dictis.
512 2968 596 3031 Licet
617 2968 696 3031 enim
715 2967 834 3048 simpli·
875 2975 993 3046 merat,
1014 2967 1051 3030 ad
1084 2987 1160 3048 quos
1192 2968 1282 3031 rudes
1308 2989 1341 3031 se
1366 2971 1480 3032 relerre

236 3073 284 3114 res
299 3054 436 3116 homines
449 3072 510 3114 non
527 3053 587 3115 sint
604 3069 729 3133 capaces
744 3051 834 3112 huius
876 3059 1002 3132 possunt
1020 3071 1054 3113 ac
1069 3051 1190 3113 debent.
1207 3053 1237 3114 6.
1262 3053 1387 3116 Domum
1405 3056 1429 3116 si
1443 3056 1480 3117 ad

233 3137 409 3216 evidentiae,
423 3137 608 3215 immediate,
625 3144 658 3198 ut
668 3135 710 3198 ita
722 3135 832 3214 dicam,
876 3135 1076 3216 praebendam
1110 3136 1318 3200 certitudinem
1343 3139 1380 3200 de
1410 3159 1481 3201 vera

232 3231 260 3282 et
279 3222 464 3305 speculative
477 3221 622 3284 deductae
633 3239 669 3282 ex
679 3219 743 3281 suis
754 3219 836 3300 prin·
876 3219 934 3281 fide
957 3219 1105 3282 evidentia
1132 3221 1339 3284 credibilitatis
1358 3224 1481 3285 sulfice-

228 3306 313 3387 cipiis
333 3306 507 3383 etmotiris3
524 3313 595 3368 sunt
611 3322 736 3386 capaces
754 3303 831 3382 eius,
875 3310 938 3382 ret,
960 3303 1019 3366 iam
1039 3313 1140 3386 posset
1160 3306 1250 3367 homo
1277 3306 1391 3388 absque
1410 3327 1479 3386 gra-

228 3390 380 3453 mediante
411 3390 469 3452 lide
501 3391 635 3452 humana
666 3388 703 3450 de
739 3387 833 3449 mira·
875 3388 935 3450 tiae
968 3389 1119 3451 interioris
1152 3390 1262 3451 auxilio
1292 3399 1390 3454 actum
1423 3393 1481 3452 eli-

226 3475 326 3554 oulis,
350 3484 380 3537 et
404 3475 472 3536 aliis
495 3473 621 3536 testibus
640 3479 670 3534 et
694 3471 833 3534 testimo·
875 3490 944 3534 cere
964 3473 1032 3536 fidei
1049 3474 1287 3554 supernaturalis
1307 3493 1341 3535 ac
1361 3476 1480 3535 tbeolo-

227 3560 284 3620 niis
309 3558 403 3620 huius
432 3557 520 3636 lidei3
546 3565 575 3620 et
599 3555 692 3618 iurari
709 3564 835 3637 possunt
874 3556 975 3634 gicae,
996 3557 1077 3638 quod
1111 3565 1209 3620 tamen
1237 3557 1400 3619 absordum
1421 3567 1478 3619 est.

226 3642 348 3704 interna
375 3641 429 3704 Dei
442 3641 676 3704 illuminatione.
702 3639 834 3720 ldeoque
875 3641 965 3716 Ergo.

227 3727 453 3804 praedicatores
472 3725 628 3804 evangelii,
645 3724 698 3805 qui
715 3741 835 3785 versan-
918 3724 992 3786 att.
1013 3721 1103 3806 Resp.
1124 3724 1161 3786 ad
1175 3725 1203 3785 l.
1225 3727 1298 3804 Nep.
1320 3723 1425 3786 Motiva
1445 3744 1480 3786 e-

229 3820 276 3871 tur
295 3811 377 3872 inter
391 3809 546 3884 infideles,
564 3809 676 3892 optime
695 3807 831 3886 faciunt,
875 3807 936 3870 nim
959 3808 1168 3870 credibilitatis
1184 3827 1219 3870 eo
1232 3809 1309 3889 ipso,
1324 3809 1404 3889 quod
1416 3827 1482 3870 eer-

226 3893 299 3956 dum
319 3895 390 3956 illos
407 3903 475 3976 post
500 3893 698 3956 sufficientem
718 3891 833 3954 instru·
875 3900 935 3954 tam
962 3911 997 3955 ac
1023 3892 1188 3954 evidentem
1213 3893 1343 3955 alliciant
1361 3895 1479 3955 revela-

258 4058 299 4128 (Ι)
317 4057 543 4125 Quodllb.2,art.
564 4063 589 4111 6.
875 4059 928 4108 rior
944 4057 1031 4109 divina
1051 4058 1175 4124 operatio,
1197 4057 1271 4121 idest,
1293 4059 1430 4111 illustratio
1456 4069 1481 4111 ot

259 4130 300 4196 (Ξ)
318 4127 469 4178 etenum
486 4130 589 4189 Μὰ,
606 4125 786 4193 deposeat.
801 4128 831 4184 ll,
875 4128 1007 4193 inspiratio
1024 4131 1133 4193 gratiae,
1158 4127 1196 4188 fit,
1221 4136 1287 4178 utet
1311 4129 1351 4178 isti
1370 4129 1478 4178 evidun-

228 4210 255 4244 ιι.
274 4200 380 4255 't-to,
399 4194 442 4246 nbi
462 4196 509 4246 boc
527 4205 708 4262 argumentum
726 4192 833 4254 evolvit,
874 4197 934 4246 tiana
961 4196 1127 4246 trecessariam
1158 4195 1188 4244 ad
1220 4194 1377 4248 fundandam
1403 4195 1479 4246 stilum

228 4262 405 4330 ostenditque,
424 4263 566 4313 necessario
578 4279 679 4329 semper
696 4261 792 4329 requiri
806 4260 832 4310 in
873 4263 1060 4328 adipiscuntur.
1074 4262 1108 4312 En
1122 4261 1216 4329 quibus
1230 4262 1359 4313 concludit
1373 4264 1481 4311 enindus

228 4347 271 4391 ro,
295 4332 340 4398 qui
359 4327 452 4392 eredit,
470 4329 626 4381 evidentium
643 4331 832 4389 extrinsecum,
873 4340 974 4392 auctor,
993 4329 1024 4380 ob
1044 4329 1109 4378 bane
1127 4345 1228 4380 euersam
1253 4331 1481 4396 praedicatoresq-

227 4400 283 4447 aive
301 4397 488 4457 immediatam,
518 4399 572 4447 sive
590 4395 741 4448 mediatam:
762 4397 832 4446 illam
874 4397 998 4464 vangelii,
1022 4397 1067 4463 qni
1086 4406 1219 4447 vorsantur
1238 4397 1304 4448 inter
1322 4397 1478 4446 inlidolesrt

228 4465 276 4514 arbi
295 4473 445 4532 comparant
463 4466 605 4532 sapientes:
637 4465 703 4515 banc
722 4465 833 4514 infantes
873 4465 1033 4515 catechizant
1044 4463 1145 4514 adultos
1156 4481 1239 4530 nuper
1248 4479 1392 4520 conversos,
1408 4479 1480 4529 possa

231 4548 260 4580 ao
278 4533 355 4583 rudes
373 4531 467 4582 babere
486 4541 590 4599 possunt
608 4541 634 4582 et
650 4531 757 4598 adipisci
775 4549 833 4582 mo-
875 4533 932 4583 illos
950 4531 1085 4582 admittere
1104 4530 1133 4580 ud
1159 4531 1312 4598 baptismum
1332 4539 1388 4599 post
1411 4530 1483 4580 sulli-

231 4600 278 4649 rali
296 4600 463 4660 certitudine,
481 4602 522 4650 eui
542 4603 561 4650 si
580 4609 737 4660 concurrat,
757 4610 834 4665 prout
874 4600 985 4652 cientem
1003 4599 1207 4651 instructionem.

231 4669 346 4730 proiecto
360 4669 430 4718 bisce
449 4670 475 4718 in
494 4669 595 4719 ensibus
613 4668 754 4728 concurrit,
769 4667 833 4718 inte·
