3700 5659
724 530 818 576 carun
838 531 866 573 x.
1319 516 1380 577 153

191 627 402 707 coluntttr(l);
434 624 505 688 item
525 622 684 688 Alexandri
707 621 777 700 Vll,
819 623 911 686 Nobis
929 623 989 701 sit,
1010 641 1151 702 mopnum
1170 620 1332 704 aliquando
1358 628 1422 689 uti-

193 717 289 798 quibus
306 721 444 787 cavetur,
461 728 499 772 ne
518 708 701 774 sinedebita
731 708 778 768 la·
819 707 934 768 litatem
951 725 990 770 cn
1021 709 1060 769 iis
1080 709 1146 788 capi
1179 727 1280 788 possc;
1301 712 1423 773 modum

191 803 287 864 collate
307 814 399 877 opera
429 793 490 856 sire
515 792 629 854 Rornae
660 791 723 854 sive
747 791 779 852 in
819 799 918 853 tamen
937 794 971 853 ia
985 793 1177 872 defendendis
1188 794 1381 872 opinionibus
1394 803 1424 858 et

193 886 315 946 universa
336 879 453 940 ditione
482 877 635 959 pontificia
664 875 702 938 ab
721 893 778 937 au·
818 876 1017 938 christianam
1035 878 1068 938 in
1093 877 1248 939 scribendo
1279 879 1422 941 modera-

192 967 310 1030 oloribus
336 963 379 1024 ibi
402 961 580 1038 degentibus
610 959 777 1041 composita
821 960 932 1022 tionem
943 962 1058 1022 menori
1072 961 1339 1024 meritooolumus.
1354 962 1423 1024 Noa

195 1049 420 1113 transmittentur
439 1045 471 1107 in
490 1045 564 1108 alias
587 1043 726 1124 regiones
744 1063 787 1106 ο-Ι
820 1044 973 1106 inutiliter
992 1045 1105 1125 (iuquit
1122 1043 1307 1122 Augustinus
1320 1046 1351 1107 iu
1366 1046 1425 1107 lin·

194 1135 275 1196 denda
291 1131 348 1194 sub
365 1129 558 1192 comminatis
585 1127 701 1211 poenis.
729 1127 780 1190 ld·
820 1128 897 1190 chir.
912 1147 979 1210 cap.
998 1130 1037 1191 59
1053 1147 1145 1209 prope
1160 1129 1265 1207 tinem)
1280 1147 1422 1193 coercen-

194 1239 242 1300 que
255 1219 283 1278 iu
302 1215 410 1277 ordine
428 1213 466 1275 ad
483 1214 617 1291 regulam
636 1231 665 1273 ¹.
820 1220 872 1274 tur
887 1214 1021 1292 inpertia,
1036 1215 1064 1275 si
1082 1213 1260 1276 adbibcnlur
1281 1215 1424 1293 disceptu-

230 1302 295 1364 bbd.
315 1299 368 1360 His
399 1298 516 1360 adiecta
550 1306 596 1361 est
622 1296 780 1360 instructio
820 1298 861 1360 tio
879 1299 1043 1372 momrata,
1055 1305 1081 1359 ct
1099 1298 1174 1360 obsit
1188 1313 1277 1359 error
1293 1300 1424 1378 opinon-

195 1383 337 1449 Clementis
358 1381 426 1444 lllll
442 1394 496 1464 pro·
528 1381 583 1460 iis,
605 1381 658 1462 qui
694 1380 781 1444 libris
820 1383 908 1459 tiam,
928 1400 959 1444 sc
982 1383 1059 1445 scire
1076 1383 1154 1460 qaod
1182 1383 1331 1446 aucitmt.
1364 1382 1426 1458 Qui

197 1481 245 1532 tum
262 1467 469 1550 prohibendis,
485 1473 548 1528 turn
564 1465 780 1547 expurgandis,
820 1466 957 1529 ueritatis
971 1466 1105 1529 studium
1118 1475 1147 1528 et
1159 1467 1299 1545 purioris
1315 1466 1426 1529 doctri-

199 1565 247 1616 tum
263 1550 470 1634 imprimendis
499 1549 671 1629 diligentem
691 1568 726 1610 ac
744 1550 781 1611 fi·
821 1569 879 1612 ttae
903 1551 1021 1627 aetram,
1046 1567 1103 1630 quo
1127 1567 1255 1613 setarum
1285 1551 1425 1630 scriptio·

198 1640 289 1716 detero,
308 1636 350 1698 uti
364 1653 420 1717 par
436 1641 493 1712 est,
509 1653 630 1716 operam
649 1641 719 1696 sunt
733 1634 783 1696 da·
821 1653 895 1698 nunt
913 1636 1136 1699 mordacitatem
1153 1642 1310 1708 recusent,
1328 1636 1426 1697 obten-

199 1723 256 1800 turi,
275 1739 350 1802 quae
369 1719 445 1781 satis
464 1715 578 1800 prolixa
596 1727 653 1780 est.
671 1719 781 1780 Acces-
821 1720 1017 1796 decantent,
1038 1720 1063 1781 ii
1084 1720 1218 1798 primurn
1236 1719 1422 1799 intelligant,

198 1807 228 1866 sit
259 1805 385 1885 denique
417 1803 593 1866 constitutio
630 1802 782 1865 Benedicti
821 1823 882 1867 noa
908 1805 1053 1866 minorent
1086 1805 1251 1866 babendum
1277 1804 1423 1878 cettan,

199 1888 247 1950 lllll
265 1890 396 1952 Sollicito
413 1903 450 1950 uc
465 1888 615 1966 prouida,
652 1886 689 1949 de
723 1906 782 1968 qua
822 1905 912 1968 qnam
937 1888 1121 1967 enaupciicoc
1138 1888 1380 1949 monstretudinis
1398 1895 1427 1949 et

201 1975 271 2052 paulo
287 1981 354 2036 ante
369 1971 557 2034 mentionem
574 1971 713 2048 lecimus;
730 1970 782 2032 ubi
821 1973 1007 2037 cbristianae
1022 1972 1159 2035 caritatis
1176 1971 1325 2033 rationem
1337 1971 1398 2051 (i).

201 2058 353 2136 praesertim
380 2057 464 2118 circa
498 2056 593 2118 libros
617 2055 782 2118 catholico·
865 2058 938 2119 but.
964 2055 1050 2127 Quod
1081 2055 1202 2136 quidem
1237 2054 1425 2136 praeclarum

201 2160 251 2202 rum
268 2143 351 2223 plura
367 2159 490 2203 summa
504 2140 663 2220 prudentia
694 2158 783 2221 prae·
823 2142 971 2204 monitum
994 2140 1020 2202 si
1040 2138 1146 2221 quotis
1164 2147 1300 2219 tempore
1318 2155 1427 2219 oppor-

202 2227 290 2306 scripta
307 2235 388 2303 sunt,
412 2241 573 2306 quaeque,
594 2225 620 2287 si
639 2226 782 2287 adamus·
823 2235 930 2288 tunum
949 2224 1017 2300 luit,
1034 2232 1131 2286 aetate
1152 2223 1209 2285 bac
1231 2231 1335 2284 nostra
1359 2241 1426 2283 ma-

205 2309 247 2370 sim
267 2310 436 2372 executioni
466 2309 670 2386 mandentur,
695 2317 785 2390 prout
823 2311 902 2373 xime
922 2318 968 2372 est
997 2308 1213 2385 necessarium,
1235 2307 1264 2368 in
1285 2325 1346 2387 qua
1368 2306 1426 2367 Ec-

204 2394 333 2468 lt,aemo
367 2402 439 2472 est,
459 2393 512 2474 qui
544 2393 610 2456 iure
639 2392 784 2474 conqueri
824 2395 917 2457 clesia
929 2395 1056 2476 eiusque
1068 2392 1205 2455 doctrina
1217 2391 1351 2472 undique
1366 2390 1427 2451 im-

205 2479 289 2556 possib,
307 2479 418 2542 acerbe
448 2486 500 2540 aul
521 2479 651 2554 graviter
682 2497 783 2540 secum
825 2480 939 2562 petitur
960 2480 999 2542 ab
1017 2478 1185 2540 innumeris
1208 2495 1301 2559 prope
1329 2473 1428 2536 bosti-

204 2571 283 2623 actum
301 2581 365 2625 esse
384 2563 419 2623 in
445 2580 572 2623 censura
595 2581 719 2625 suorum
745 2562 785 2623 li·
826 2565 883 2626 bus
905 2565 985 2626 inter
1017 2583 1051 2626 se
1082 2561 1255 2624 foederatis.
1288 2559 1428 2622 Proiecto

206 2643 318 2708 brorum.
337 2646 420 2718 Quin
433 2653 463 2707 et
474 2646 547 2707 illud
560 2639 703 2724 grauitate
718 2647 784 2728 ple·
827 2648 1092 2711 commiseratione
1113 2646 1236 2726 dignum
1261 2645 1339 2706 iuret
1357 2661 1429 2728 spe-

205 2745 260 2790 num
280 2731 389 2792 addidit
407 2729 602 2792 doctissimus
630 2731 783 2811 pontifex:
827 2735 989 2811 clnculum,
1010 2742 1044 2795 ut
1061 2731 1132 2793 dum
1159 2730 1267 2792 domus
1295 2735 1431 2789 vastatur

208 2811 393 2880 dilucescere
414 2815 451 2878 t'tt
477 2816 645 2894 adspectant.
675 2818 785 2892 lucent·
827 2813 1173 2897 incendio,quiadillud
1194 2811 1428 2890 extinguendum

206 2912 246 2972 qne
261 2899 410 2962 bominum
430 2899 502 2962 libri
519 2900 662 2961 eiusmodi
679 2901 712 2962 in
733 2901 787 2962 boc
826 2901 937 2964 iunctis
954 2901 1069 2962 viribus
1089 2916 1246 2961 accurrere
1264 2895 1426 2972 deberent,

210 2987 348 3060 troporum
366 2984 490 3046 licentia
511 2991 539 3045 et
553 2985 703 3063 pravitate
726 3002 787 3046 non
826 2986 905 3047 inter
922 3003 955 3048 se
970 2985 1008 3046 ob
1027 2983 1141 3046 nullius
1159 2989 1211 3044 aut
1229 2997 1337 3062 parvae
1363 2979 1429 3040 lcu-

208 3063 389 3146 efferrentur,
413 3067 448 3128 in
474 3067 580 3146 quibus
612 3069 787 3130 dissidentes
826 3069 871 3148 gis
890 3069 1097 3131 contentiones
1115 3085 1217 3129 secum
1241 3065 1431 3126 decertarent

207 3159 315 3214 auctores
331 3151 450 3214 mutuis
465 3151 618 3232 sciurpiis
633 3152 787 3214 conviciis·
827 3173 861 3216 ac
881 3154 1017 3236 proprias
1033 3153 1111 3214 vires
1138 3152 1265 3212 invicem
1286 3147 1431 3210 absume-

209 3247 249 3305 qtc
263 3237 472 3312 proscindunt,
493 3236 622 3298 aliorum
633 3236 786 3315 opiniones
827 3248 946 3301 reatae
966 3238 1158 3300 enervarent!
1178 3235 1283 3297 Nonne
1305 3232 1336 3294 id
1358 3251 1431 3314 pro-

208 3319 318 3381 nontiata
334 3323 370 3384 ab
390 3319 524 3383 Ecclesia
542 3321 699 3382 demutatas
714 3338 785 3384 cea·
827 3322 897 3385 inde
921 3323 999 3385 foret
1017 3341 1052 3383 ac
1069 3320 1220 3383 Ecclesiae
1239 3317 1378 3380 hostibus
1391 3317 1434 3378 ni-

208 3405 499 3484 circamundanum,
520 3404 708 3466 aduersarios
736 3423 786 3467 eo·
828 3407 954 3470 ctoriam
991 3406 1154 3468 decernere
1191 3397 1300 3484 atque'
1321 3400 1432 3463 trium-

209 3497 310 3562 rrmqne
326 3489 443 3551 sabulos
472 3505 506 3551 ac
524 3495 621 3550 coetus
644 3487 787 3569 sugillant
828 3491 949 3574 pbum‘l

209 3573 283 3644 cipro
310 3571 451 3634 ridiculis
468 3572 603 3648 diccunt,
627 3589 737 3653 tanqua
754 3591 786 3634 e·
870 3575 943 3636 622.
963 3573 1129 3653 Antequam
1153 3571 1242 3632 finem
1270 3567 1374 3630 faciam
1395 3587 1432 3629 a-

210 3652 303 3721 qnideta
317 3656 464 3718 bonorum
478 3656 636 3731 scandolo,
658 3657 787 3719 baereti—
828 3656 1106 3721 nimadvertendum
1131 3672 1252 3731 censeo,
1274 3660 1338 3713 tum
1361 3651 1433 3713 bul-

210 3747 291 3824 rornta
308 3757 374 3800 uero
399 3748 587 3820 contemptu,
621 3742 672 3818 qui
693 3741 788 3822 diple·
828 3745 887 3806 lam
910 3741 1039 3818 Caeneo,
1063 3749 1126 3802 tum
1141 3738 1251 3801 librum
1271 3735 1379 3797 indicis
1398 3754 1433 3797 ac

210 3814 341 3884 dicacibus
366 3825 448 3886 inter
469 3841 498 3885 sc
516 3825 683 3900 cetbolicis,
703 3842 788 3904 seque
828 3827 949 3889 decreta
958 3822 1208 3903 congregationis,
1220 3821 1330 3902 quibus
1343 3838 1434 3901 opera

212 3910 293 3965 tantae
323 3909 524 3986 lacerantibus
554 3908 644 3987 plane
675 3909 787 3971 trium·
829 3912 890 3974 sive
908 3910 1130 3972 haereticorum
1144 3906 1205 3968 sive
1217 3905 1433 3968 catholicorum

209 3981 295 4055 ltltnt.
314 3991 382 4052 Etsi
401 4009 471 4053 vero
485 3993 552 4072 ficri
570 4011 630 4053 non
647 3994 787 4072 possein·
828 3996 859 4057 iu
903 3994 1032 4056 indicem
1076 3992 1188 4074 pariter
1229 3990 1432 4066 reseruntur,

213 4066 376 4150 diligamus,
393 4083 430 4137 ut
453 4076 667 4155 disputationes
689 4094 789 4139 ontnes
829 4079 910 4142 haud
924 4078 1058 4156 indigere
1073 4074 1312 4158 promulgatione
1328 4072 1359 4134 in
1375 4072 1437 4134 siu-

212 4157 333 4239 rutnnado
355 4159 513 4236 tolluntur,
529 4161 790 4240 praesentientem
829 4164 905 4242 gulis
917 4161 1093 4244 provinciis,
1107 4169 1140 4222 ut
1151 4161 1182 4220 in
1200 4157 1386 4220 conscientia
1398 4177 1435 4219 o-

214 4229 339 4301 bbrorurn
355 4260 500 4305 naimarus
520 4245 705 4306 continenter
731 4262 789 4306 ou·
829 4248 955 4325 bligeut.
987 4246 1200 4325 Praeterquam
1232 4241 1313 4323 quod
1353 4241 1434 4303 enim

213 4327 309 4400 tratur,
327 4326 462 4404 faciendi
480 4328 558 4389 enim
580 4329 683 4407 plures
701 4327 790 4391 libros
829 4331 860 4392 id
878 4331 1016 4413 pluribus
1032 4330 1063 4391 iu
1083 4329 1203 4391 casibus
1215 4326 1279 4389 fieri
1294 4343 1354 4386 non
1366 4345 1436 4405 pos·

214 4400 297 4466 trullus
313 4418 352 4470 est
367 4411 483 4489 finient
498 4419 538 4473 est
554 4412 790 4489 opudldcclcsic-
831 4425 886 4492 set,
911 4414 1030 4477 romani
1059 4413 1214 4496 pontifices
1243 4410 1311 4471 Pius
1337 4406 1374 4471 tv
1405 4416 1436 4469 et

213 4487 264 4544 stan
279 4505 338 4569 cop.
361 4495 412 4566 tc,
440 4505 618 4575 compertum
634 4505 788 4576 praeterea
830 4499 968 4562 Clemens
993 4497 1059 4560 Vlll
1091 4496 1271 4559 mandarunt
1297 4500 1327 4555 ct
1344 4511 1435 4554 cura-

216 4597 270 4676 (l)
289 4603 321 4654 Ex
347 4607 448 4662 decreto
478 4630 495 4660 s,
522 4613 651 4681 Congreg.
673 4612 730 4665 lud.
758 4619 789 4666 lb

215 4675 265 4716 tuan
276 4674 345 4737 test,
360 4687 442 4744 postea
460 4683 539 4732 cdtto.
866 4682 932 4752 (ils
950 4686 994 4733 22.

1321 4770 1339 4830 'l
