3700 5659
800 490 941 536 ctrurv.
1391 481 1449 544 261

292 585 367 648 265.
388 582 433 646 113
452 599 523 644 vero
543 589 695 664 exponunt
714 581 852 658 augusti·
892 601 1011 660 urgere,
1031 584 1089 646 uisi
1108 605 1176 648 cum
1197 596 1283 666 urget
1300 601 1493 671 praeceptum

176 679 185 704 ¹
247 671 413 732 nianeuses
433 667 736 728 senteutiamsuam:
767 665 852 727 Prae·
892 667 1032 729 eliciendi
1046 679 1131 731 actus
1149 673 1347 746 caritatis32⁰
1360 695 1420 736 uon
1433 678 1495 737 uio-

247 764 371 835 ceptum
397 749 547 812 referendi
580 767 684 810 omnes
719 749 853 810 actiones
893 749 960 828 lari,
981 753 1038 813 uisi
1054 772 1121 814 cum
1142 756 1291 817 omittitur
1309 758 1445 819 caritatis
1459 779 1495 821 a·

247 856 321 900 suas
339 836 370 896 iu
387 833 495 910 Deum,
512 832 647 912 quamuis
662 851 680 894 a
694 844 852 914 praecepto
892 842 970 910 ctus,
992 855 1052 916 quo
1072 846 1206 918 tempore
1223 840 1291 900 31131
1311 841 1445 919 deberet3
1464 848 1496 905 3·

247 918 384 983 caritatis
401 917 618 998 proficiscatur,
637 924 795 977 esttamen
815 917 852 977 ab
893 918 993 979 omnia
1011 920 1136 1000 proinde
1155 941 1245 1002 opera
1265 924 1342 986 6333
1361 926 1427 986 3133
1443 928 1494 988 1311

247 1023 286 1066 33
306 1001 499 1078 distinctum3
517 1019 573 1061 uec
592 1009 749 1081 propterea
773 1002 853 1061 sulit·
892 1001 1031 1081 explicita
1061 1004 1226 1068 intentione
1259 1018 1378 1087 peracta
1412 1011 1494 1072 nullo

246 1087 303 1165 cit,
321 1095 356 1147 ut
373 1085 441 1165 quis
458 1083 593 1146 caritatis
604 1095 689 1145 actus
706 1102 761 1144 suo
774 1092 852 1146 tem·
892 1085 981 1145 modo
999 1106 1066 1148 esse
1085 1090 1214 1167 peccatis
1229 1092 1425 1167 accensenda,
1441 1095 1495 1155 sed

248 1188 326 1252 pore
344 1169 456 1244 eliciat,
469 1167 522 1229 sed
540 1167 663 1247 iusuper
675 1167 851 1246 requiritur,
892 1186 928 1229 ea
947 1188 1013 1231 esse
1031 1173 1075 1232 vel
1093 1173 1170 1233 bona
1180 1174 1357 1254 simpliciter
1371 1187 1401 1237 et
1418 1179 1495 1238 vitae

247 1263 285 1316 ut
303 1251 487 1315 christianus
505 1251 582 1312 hanc
602 1269 688 1312 suam
707 1251 853 1312 intentio·
892 1261 1032 1315 aeternae
1052 1257 1228 1333 meritoria,
1249 1260 1275 1318 si
1300 1258 1337 1318 36
1356 1278 1392 1320 eo
1419 1259 1497 1322 13313

246 1356 320 1400 nem
354 1354 444 1416 saepe
463 1343 608 1411 testetur,
638 1343 672 1395 ut
702 1353 771 1395 vere
795 1335 853 1396 dici
893 1335 1014 1413 luerint,
1032 1339 1083 1418 qui
1099 1339 1156 1400 fide
1170 1341 1334 1402 3133311313
1349 1343 1495 1406 habituali

247 1419 348 1501 possit
366 1420 469 1481 omnia
484 1437 575 1499 opera
590 1437 646 1479 sua
671 1417 708 1479 ab
724 1417 778 1479 hac
799 1437 853 1480 uo·
892 1421 1046 1498 praeditus
1063 1422 1120 1498 sit;
1142 1424 1185 1484 vel
1205 1424 1378 1504 imperfecte
1399 1429 1492 1505 6333,

247 1506 367 1566 1331313
384 1503 577 1564 descendere.
595 1500 707 1562 Exinde
721 1501 855 1564 13133331
893 1504 1126 1582 33133133111313
1137 1507 1241 1568 ordine
1253 1509 1389 1570 advitam
1401 1522 1497 1572 aeter-

249 1591 284 1648 1ο
295 1588 355 1650 633
367 1596 558 1669 praeceptum
575 1585 711 1664 quamvis
726 1587 855 1647 affirma·
893 1605 975 1662 nam,
992 1589 1016 1648 si
1033 1589 1091 1650 fide
1105 1599 1135 1650 et
1149 1592 1273 1652 caritate
1287 1592 1434 1654 habituali
1447 1596 1495 1656 de·

248 1672 358 1748 tivum,
376 1670 512 1747 negativo
533 1679 631 1730 tamen
651 1668 855 1749 aequipollere
893 1670 1070 1747 stituantur;
1092 1672 1171 1736 bona
1201 1685 1301 1736 133333
1331 1679 1494 1755 moraliter,

253 1775 293 1823 eo
314 1754 396 1835 quod
425 1753 676 1814 universalitatem
704 1751 854 1815 actionum
894 1763 996 1834 utpote
1016 1757 1099 1817 nullo
1117 1757 1235 1820 delectu
1253 1760 1284 1819 13
1304 1761 1409 1822 ordine
1429 1781 1496 1823 uro-

254 1848 429 1899 nostrarum
445 1837 588 1914 includat,
607 1853 642 1898 ac
661 1836 784 1917 proinde
802 1856 855 1899 ve·
894 1837 950 1898 rali
969 1839 1082 1901 vitiata.

255 1931 323 1984 tare
338 1920 498 2001 quominus
515 1921 578 1981 ulla
595 1920 673 1981 actio
691 1919 857 1983 deliberata
936 1922 1009 1984 tot.
1031 1922 1068 1984 Ut
1082 1925 1186 2004 paucis
1201 1926 1293 1987 63133
1309 1928 1495 2007 quaestionis

253 2005 323 2068 sine
341 2006 399 2066 hoe
417 2003 521 2066 ordine
542 2004 733 2085 suscipiatur;
755 2005 787 2064 2⁰
805 2024 856 2066 as·
894 2011 1004 2066 statum
1031 2009 1276 2088 complectamur,
1307 2013 1495 2087 augustinia-

254 2097 374 2166 seruut,
391 2107 452 2148 nou
471 2107 537 2150 eam
557 2088 710 2149 caritatem
734 2087 772 2149 ad
800 2089 857 2150 hoc
895 2107 1004 2150 nenses
1018 2091 1202 2153 contendunt
1216 2093 1351 2154 actiones
1371 2114 1494 2172 omnes,

255 2171 450 2254 praecep'tum
491 2171 675 2252 implendum
715 2171 855 2252 requiri,
896 2180 930 2232 ut
947 2171 1005 2233 dici
1025 2175 1139 2254 possint
1167 2176 1345 2256 simpliciter
1382 2179 1493 2255 63333,

246 2259 335 2344 {quae
354 2256 486 2337 perlecta
497 2256 624 2317 actualis
642 2255 692 2316 sit:
706 2273 859 2334 quanem·
897 2274 1020 2317 necesse
1038 2277 1103 2318 esse
1118 2258 1179 2319 sive
1190 2261 1349 2321 actualiter
1359 2262 1421 2322 sive
1432 2265 1496 2322 vir-

251 2359 292 2421 pe
315 2340 394 2402 lleus
409 2339 543 2415 diligitur
557 2357 646 2418 super
664 2339 786 2415 omnia,
807 2347 859 2400 aut
897 2346 961 2400 tute
981 2340 1040 2401 sint
1058 2341 1273 2405 determinatae
1301 2363 1336 2405 ac
1366 2345 1497 2406 directae
1596 2384 1599 2391 ·

253 2422 858 2504 (33333111313333113636113113331333
897 2421 1070 2486 immediate
1088 2426 1126 2486 ab
1147 2426 1273 2506 imperio
1301 2427 1433 2490 caritatis
1461 2429 1498 2489 ad

253 2507 341 2584 iusti;
359 2507 412 2568 sed
431 2525 497 2568 eam
517 2505 672 2568 caritatem
699 2507 857 2582 sufficere,
897 2505 1005 2584 Deum,
1025 2509 1159 2588 alioquin
1184 2512 1277 2571 malas
1296 2512 1430 2587 evadere,
1451 2514 1498 2572 sin

254 2610 317 2671 qua
341 2585 421 2654 lleus
450 2590 625 2670 imperfecte
643 2598 672 2650 et
690 2589 860 2669 aliqualiter
899 2591 999 2651 minus
1021 2611 1074 2670 per
1102 2612 1136 2653 se
1155 2602 1184 2653 31
1204 2594 1234 2653 13
1253 2613 1308 2672 33,
1335 2597 1439 2656 saltem
1460 2597 1499 2657 ob

257 2674 412 2752 diligatur,
432 2674 530 2754 qualis
552 2673 641 2734 etiam
669 2673 698 2733 iu
719 2683 859 2754 peccato·
897 2673 1001 2734 vitium
1018 2674 1108 2735 huius
1126 2676 1314 2752 omissionis3
1335 2688 1366 2738 et
1380 2680 1405 2738 31
1425 2697 1498 2754 aga-

257 2758 344 2820 ribus
365 2758 464 2819 inesse
492 2765 600 2837 potest.
636 2758 668 2818 3ο
697 2754 805 2818 Dicunt
823 2777 859 2818 a·
899 2757 1003 2818 tunde
1033 2757 1204 2820 infidelibus
1232 2769 1262 2820 et
1293 2763 1500 2839 peccatoribus

250 2842 374 2909 ,3113333
394 2859 510 2910 omues,
531 2858 609 2921 quae
631 2840 696 2901 sine
722 2841 777 2902 hac
805 2860 859 2901 su·
899 2840 1016 2900 steriles
1034 2841 1117 2917 6331,
1139 2841 1164 2902 31
1183 2860 1252 2902 vero
1267 2842 1304 2902 de
1323 2844 1409 2904 iustis
1426 2863 1499 2920 aga-

255 2925 412 3005 peraddita
430 2924 596 2986 intentione
616 2924 700 3002 fiunt,
725 2924 860 3003 quamvis
899 2932 959 3000 tur,
980 2925 1190 2986 3333336331
1212 2925 1381 2987 meritorias
1403 2938 1499 2987 aeter-

259 3009 396 3088 alioquin
412 3009 567 3070 moraliter
588 3008 703 3086 donee,
724 3017 859 3068 333313-
900 3025 956 3066 nae
974 3007 1062 3068 vitae.
1101 3007 1272 3070 'lhomistae
1299 3029 1370 3070 vero
1397 3012 1501 3072 volunt

259 3111 329 3154 men
349 3093 487 3173 33331133
501 3093 616 3165 moloa;
634 3093 728 3154 malas
746 3091 861 3152 scilicet
899 3089 1076 3151 identificari
1095 3103 1284 3172 praeceptum
1305 3093 1450 3169 dirigendi
1467 3114 1500 3155 o·

259 3194 320 3237 nou
344 3177 504 3238 intrinsece
521 3177 701 3255 3133311133,
736 3175 860 3254 quasia
901 3192 986 3234 mnes
1008 3174 1141 3236 actiones
1166 3176 1346 3238 deliberatus
1375 3178 1406 3238 in
1426 3179 1500 3239 ulti-

257 3259 423 3341 cupiditate
440 3270 682 3339 corrumpantur,
700 3259 751 3320 sed
769 3275 861 3338 nege·
900 3277 983 3318 murm
1004 3258 1092 3320 63333
1113 3278 1181 3320 cum
1199 3260 1263 3341 ipso
1279 3272 1439 3341 praecepto
1453 3281 1502 3323 ca-

258 3345 326 3420 1133,
343 3343 374 3403 id
393 3352 515 3405 estnon
535 3343 635 3420 63333,
656 3342 800 3423 quianon
817 3342 861 3402 di·
901 3341 1009 3418 citatis,
1030 3343 1087 3404 etsi
1115 3334 1261 3405 eiusmodi
1280 3346 1414 3406 actiones
1433 3357 1500 3406 actu

257 3437 358 3490 rectae
377 3427 408 3488 iu
426 3445 495 3489 eum
518 3426 620 3503 finem,
645 3425 675 3486 in
696 3443 784 3505 quero
811 3425 859 3485 di·
900 3433 952 3485 aut
969 3426 1079 3487 virtute
1107 3428 1260 3488 alormali
1287 3429 1411 3489 caritate
1440 3448 1500 3490 uon

257 3510 315 3589 rigi
333 3510 495 3573 debebant.
533 3509 607 3570 Hinc
637 3509 773 3589 quamvis
799 3527 859 3569 non
899 3507 1094 3588 imperentur.
1113 3509 1226 3570 Exinde
1236 3511 1428 3583 concludunt,
1443 3512 1498 3572 lras

258 3593 391 3656 audeant
412 3593 561 3655 eiusmodi
592 3611 684 3674 opera
710 3591 860 3674 appellare
900 3591 1034 3652 actiones
1052 3592 1135 3652 nullo
1155 3593 1226 3653 vitio
1245 3593 1395 3654 laborare.

259 3686 399 3758 3333313,
420 3695 457 3738 33
476 3675 608 3742 incidere
642 3675 798 3738 videantur
828 3675 858 3735 in
944 3675 1017 3735 268.
1039 3673 1124 3735 Parvi
1144 3675 1265 3755 quidem
1296 3676 1383 3757 pendi
1413 3696 1501 3757 posse
1594 3673 1602 3684 ’

260 3761 483 3824 damnationem
496 3778 613 3836 eorum,
631 3759 682 3838 qui
696 3759 797 3820 otnuia
810 3758 859 3818 in·
899 3757 1050 3820 videretur
1067 3758 1213 3820 eiusmodi
1229 3759 1421 3839 disceptatio,
1438 3762 1496 3821 nisi

259 3845 393 3908 fidelium
413 3862 503 3925 opera
515 3844 594 3904 mala
608 3851 660 3904 aut
674 3851 794 3923 peccata
810 3861 860 3903 es·
900 3841 1006 3902 exinde
1025 3842 1190 3903 theoretica
1212 3851 1242 3904 et
1256 3844 1387 3923 practica
1398 3845 1499 3904 corol-

259 3947 292 3990 se
305 3928 454 4004 dixerunt,
476 3927 560 3988 aiunt
579 3935 690 4003 tamen,
709 3945 790 4002 eum,
808 3925 860 4006 qui
901 3925 975 3986 laria
999 3924 1102 3986 iul'erri
1125 3934 1266 4006 possent,
1290 3945 1368 4005 quae
1400 3927 1501 3989 minus

258 4012 375 4092 absque
394 4011 444 4073 tali
464 4010 568 4072 ordiue
587 4018 737 4092 operatur,
758 4027 862 4089 pecca·
900 4026 1065 4086 congruere
1087 4008 1225 4070 uidentur
1253 4028 1319 4070 cum
1339 4028 1410 4071 sana
1431 4030 1501 4090 ger-

260 4102 290 4157 13
309 4095 484 4157 omissionis
503 4093 658 4156 venialiter
681 4111 816 4174 peccare.
901 4110 1048 4171 mauaque
1061 4092 1205 4153 ecclesiae
1228 4092 1454 4155 doctriuacirca
1470 4114 1502 4155 o·

301 4177 653 4242 66616333131333333
673 4175 859 4238 3333133313
901 4193 973 4255 pera
997 4175 1160 4236 infidelium
1188 4184 1219 4238 et
1250 4195 1342 4257 opera
1368 4188 1504 4258 peccato·

260 4262 469 4340 contendunt,
491 4262 548 4324 hoc
572 4269 762 4343 praeceptum
785 4259 862 4320 3313-
900 4277 981 4335 rum,
1001 4257 1114 4335 idest,
1134 4268 1186 4322 aut
1204 4260 1269 4321 siue
1291 4260 1349 4320 tide
1367 4266 1419 4322 aut
1437 4261 1502 4321 3133

257 4345 347 4408 rendi
364 4364 468 4408 omnes
483 4345 617 4408 actiones
637 4344 666 4404 in
690 4344 783 4405 [teum
812 4342 861 4403 13-
901 4342 1026 4404 33311313
1040 4352 1172 4423 3333313.
1192 4341 1223 4404 Si
1243 4344 1323 4405 euim
1343 4345 1425 4403 33113
1444 4343 1499 4403 da·

257 4429 341 4492 cludi
359 4438 519 4510 praecepto
542 4427 710 4490 dilectionis
726 4426 778 4488 Ilei
807 4445 861 4488 su·
902 4435 1006 4488 rentur
1021 4445 1112 4507 opera
1135 4426 1213 4488 bona
1243 4427 1346 4486 saltem
1366 4435 1502 4506 exparte
1555 4427 1559 4438 “

256 4532 314 4594 333
334 4513 453 4588 omnia,
473 4531 527 4574 333
547 4511 585 4573 36
601 4531 637 4573 33
651 4508 805 4588 distingui.
818 4509 860 4572 Er
903 4509 1065 4589 operantis,
1089 4508 1161 4590 quin
1182 4508 1319 4588 explicite
1339 4509 1451 4570 luerint
1464 4510 1502 4571 ad

256 4615 320 4678 quo
337 4597 472 4660 13133331
488 4595 586 4658 l⁰tale
597 4603 788 4678 praeceptum
801 4611 861 4656 nou
902 4591 997 4654 ileum
1019 4593 1135 4671 relata,
1162 4591 1307 4672 consequi
1336 4593 1500 4672 uideretur,
