3700 5659
753 535 848 580 enarr
866 534 907 580 rr.
1373 525 1412 586 8l

190 629 311 712 ¹litarem,
334 634 361 686 rt
393 626 425 686 in
445 643 491 688 me
518 626 650 700 credite;
676 633 707 686 et
732 643 809 705 quae
848 627 1040 688 acciendum.
1063 629 1103 689 llt
1121 628 1149 688 si
1166 628 1277 709 aliquis
1295 631 1458 695 instructo-

195 712 327 792 scripsit
356 709 467 773 Paulus
499 710 523 772 l.
555 709 687 770 Timatb.
716 727 748 784 a,
770 710 807 770 5:
849 728 913 772 rem
932 728 992 771 noa
1010 711 1138 789 baberet,
1160 715 1237 775 beia
1255 715 1283 776 ei
1300 717 1456 794 revelaret,

199 798 289 858 l⁷nas
308 795 389 857 eaba
407 797 496 871 Deus,
521 812 602 854 rentes
620 802 646 856 et
665 795 811 855 mediator
850 795 910 856 nbi
928 811 966 858 ea
982 812 1039 856 sna
1059 796 1146 875 calpa
1162 807 1340 862 remaneret.

197 883 257 943 ltac'
276 889 308 942 et
326 880 493 953 taminiam,
510 879 595 940 bomo
613 877 749 940 Claristns
763 878 810 940 Ie·
893 879 967 940 355.
986 878 1022 940 Et
1041 897 1124 957 sanc,
1146 880 1304 961 inquiunt,
1327 883 1365 944 sp
1381 883 1456 946 fides

195 984 263 1027 sos.
286 963 364 1026 Cum
378 981 448 1024 vero
466 962 531 1024 sinc
550 961 608 1023 fide
625 960 766 1040 explicita
780 979 814 1022 u·
851 961 997 1043 implicita
1015 963 1185 1042 sufficeret,
1204 983 1356 1045 quorsum·
1377 967 1458 1030 Deus

201 1052 276 1111 iiius
296 1047 353 1110 Dei
372 1065 461 1108 nemo
474 1045 569 1126 possit
587 1044 755 1121 iustificari,
772 1043 815 1107 ita
853 1054 906 1109 aut
923 1065 978 1127 per
999 1065 1031 1108 se
1049 1048 1208 1126 revelaret,
1238 1059 1290 1112 aut
1311 1069 1466 1130 quorsum

199 1154 258 1195 nec
275 1133 346 1194 sine
364 1130 421 1191 fide
441 1130 581 1211 explicita
598 1129 687 1192 unius
703 1128 815 1193 menia·
855 1131 986 1192 mitteret
1008 1130 1244 1210 instructorem,
1264 1142 1354 1215 prout
1377 1125 1468 1211 misit]

199 1219 279 1279 toris
306 1214 427 1292 Christi.
448 1213 575 1296 Insuper
601 1213 727 1275 adeum
746 1231 813 1275 mo·
854 1216 892 1277 ad
910 1213 1101 1293 Cornelium,
1121 1216 1346 1281 adeunucbum
1377 1220 1468 1296 regi-i

198 1307 291 1378 «tuin,
316 1318 376 1380 qua
394 1299 425 1360 in
444 1297 536 1361 veteri
557 1297 633 1376 lege,
655 1316 733 1377 quae
752 1305 816 1360 crat
855 1318 911 1361 nae
929 1298 1085 1374 Candacis,
1102 1299 1139 1361 ad
1156 1298 1352 1364 Macedones?
1368 1305 1469 1383 quor-i

199 1387 320 1447 umbra
349 1384 545 1461 futurarum,
569 1399 667 1450 ,nemo
699 1388 817 1463 poterat
855 1402 922 1445 sum
942 1381 1077 1445 Christus
1093 1383 1224 1447 misisset
1239 1381 1469 1468 apostolos‚'eti

201 1468 371 1532 iustificari
394 1477 424 1530 et
452 1467 560 1528 salvari
591 1466 657 1528 sine
676 1465 734 1527 lide
756 1464 818 1526 sal·
856 1467 983 1530 ecclesia
1013 1476 1057 1528 tot
1086 1468 1295 1532 missionarias
1325 1471 1469 1551 quotidie·²

202 1566 265 1615 teni
280 1552 431 1633 implicita
446 1550 477 1612 in
489 1550 659 1628 Christum3
673 1550 715 1611 ita
729 1567 818 1612 nemo
858 1553 989 1614 mitteret
1008 1551 1045 1613 ad
1066 1553 1251 1630 evangelium
1272 1562 1315 1616 tot
1342 1555 1460 1617 labari·

204 1657 305 1714 itanc,
328 1645 485 1718 postquam
505 1635 556 1696 ille
574 1634 731 1716 apparuit,
749 1641 818 1714 pot·
858 1636 915 1698 bus
939 1635 1218 1698 disseminandum?
1242 1635 1273 1698 st
1302 1639 1382 1701 enim
1403 1631 1463 1700 non

204 1738 254 1784 est
285 1719 449 1782 iustificari
477 1727 506 1780 et
534 1720 645 1782 salvari
670 1717 735 1780 sine
761 1716 820 1778 tide
859 1720 1023 1782 haberetur
1045 1720 1103 1782 nisi
1126 1717 1296 1784 'necessitas
1317 1723 1466 1802 praecepti

206 1805 359 1888 explicita
376 1803 407 1864 iu
425 1803 537 1884 ipsum.
557 1801 560 1805 ’
859 1805 929 1901 pillei
947 1804 1126 1884 explicitae,
1161 1824 1265 1867 ornnes
1293 1807 1466 1868 laborantes

251 1891 332 1953 353.
349 1886 461 1964 Urgent
479 1897 634 1968 praeterea
656 1885 821 1948 auctorita·
838 1824 842 1954 i
861 1889 1029 1967 ignorantia
1061 1888 1226 1952 invincibili
1259 1890 1369 1953 salvari
1393 1909 1471 1971 pesp

209 1987 273 2037 tem
293 1978 321 2035 s.
347 1971 526 2050 Augustini,
558 1972 611 2054 qui
640 1971 671 2032 iu
698 1971 753 2032 tib.
781 1958 938 2035 De'scnt.

209 2061 368 2140 praedest.
390 2057 511 2134 Sonat,
532 2077 559 2120 c.
586 2057 616 2124 l.
636 2057 764 2136 laquens
787 2054 823 2116 de
904 2057 977 2118 355.
1009 2055 1129 2118 Certum
1159 2064 1314 2138 praetcrea
1342 2065 1399 2133 est,
1431 2056 1471 2143 iq.

212 2142 380 2217 Cornelio,
410 2141 467 2202 ait:
502 2141 535 2204 Si
563 2149 656 2220 posset
681 2141 746 2202 sine
767 2140 825 2220 fille
841 2123 844 2208 i
863 2143 928 2219 lege
956 2139 1069 2217 gratiae
1099 2141 1248 2204 neminem
1272 2141 1381 2204 saivari
1400 2137 1471 2203 sino*

215 2227 334 2291 Cbristi
352 2243 411 2288 esse
430 2226 529 2288 soloas
546 2243 608 2288 nan
627 2226 668 2288 orl
682 2239 750 2288 eum
772 2240 824 2285 ae·
865 2224 1016 2305 baptismo
1036 2234 1088 2287 aut
1105 2225 1135 2286 ia
1155 2243 1200 2300 re,
1214 2233 1265 2287 aut
1283 2225 1314 2286 in
1331 2233 1399 2288 rato
1412 2245 1468 2286 su-

214 2313 406 2393 rtificaatlom
442 2311 611 2373 mitteretur
652 2309 826 2372 architectos
866 2317 988 2390 scapt03
1010 2309 1063 2370 sea
1075 2309 1245 2392 baptismus
1264 2317 1309 2372 est
1323 2309 1471 2392 professio

216 2397 371 2477 apostolas
395 2397 513 2469 Petras,
537 2394 691 2457 etiterum
711 2393 743 2454 in
770 2391 824 2452 lib.
866 2393 1005 2474 explicita
1020 2392 1149 2472 Christi,
1180 2402 1209 2456 et
1227 2392 1279 2456 SS.
1300 2393 1470 2470 Trinitatis,

220 2486 262 2544 lle
274 2489 405 2560 corrept.
420 2487 446 2541 et
458 2487 633 2563 qrat.,cap.
653 2479 684 2551 l,
704 2477 746 2538 ita
761 2495 829 2557 per·
867 2487 897 2540 et
928 2485 1028 2540 votam
1058 2477 1204 2559 baptismi
1228 2478 1356 2543 includit
1383 2478 1471 2540 iidem

220 2565 343 2642 stringit
369 2582 512 2624 monacos
542 2562 765 2626 adrumetinos:
794 2561 1037 2642 sttexptteitam
1070 2561 1189 2624 Christi.
1230 2561 1355 2644 Insuper
1384 2581 1473 2624 nemo

221 2653 303 2714 raim
321 2657 358 2710 nt
373 2649 484 2710 ceritas
503 2649 657 2726 loquitar,
681 2664 743 2708 raon
761 2645 831 2710 libe·
847 2608 850 2715 i
869 2645 1086 2708 catholicarum
1109 2647 1320 2725 affirmaverit,
1341 2647 1475 2727 aliquem

228 2743 371 2796 cantara
386 2733 590 2803 damnatione,
607 2749 682 2810 qaae
696 2733 775 2810 (acto
789 2737 831 2790 est
848 2725 855 2777 l
870 2749 930 2790 non
961 2729 1156 2792 christianum
1176 2731 1284 2792 salvari
1303 2749 1408 2812 posse:
1430 2737 1477 2791 ast

230 2838 280 2897 per
297 2816 484 2894 Adam,aisi
496 2813 832 2897 perfidrmlesaCbri·
871 2813 1053 2876 christianus
1085 2832 1173 2876 nemo
1194 2822 1244 2875 est·
1265 2814 1330 2875 sine
1348 2815 1406 2876 tide
1422 2833 1476 2875 ex-

232 2906 276 2975 sti,
290 2910 318 2963 et
335 2901 480 2963 tamenab
494 2903 548 2965 bac
563 2900 756 2963 demaritione
771 2914 834 2958 non
873 2897 974 2979 plicita
990 2897 1119 2974 Christi;
1150 2897 1181 2958 in
1211 2899 1269 2960 boc
1288 2897 1368 2959 enim
1388 2897 1480 2958 distat

204 3011 208 3019 ·
229 3006 257 3048 se
275 2986 455 3060 liberabant,
476 2985 527 3062 qni
541 2991 707 3064 potuerant
724 2982 832 3058 dicere,
852 3032 855 3073 p
874 2981 1057 3044 christianus
1075 3000 1093 3042 a
1110 2981 1236 3058 iudae03
1262 2981 1398 3063 alioquin
1426 2981 1479 3042 iu-

228 3091 257 3132 se
271 3089 336 3132 non
349 3068 495 3132 audivisse
509 3069 692 3148 eaanpeliam
708 3064 833 3139 Cbristi,
874 3065 980 3144 dacus,
1002 3065 1054 3146 qni
1067 3065 1153 3128 fidem
1173 3065 1350 3147 implicitam
1370 3063 1481 3128 Christi

229 3173 297 3218 ram
315 3155 390 3234 fides
407 3154 569 3216 eaa‘aarlita
586 3153 645 3225 sit;
662 3149 838 3230 quantomi·
876 3150 978 3227 babet,
1000 3157 1100 3231 posset
1118 3149 1176 3212 dici
1195 3149 1377 3213 christianus
1395 3149 1456 3229 (l).

229 3258 288 3302 aas
310 3256 340 3300 se
357 3238 536 3312 liberabant,
557 3237 608 3317 qai
626 3235 740 3299 dictari
752 3241 835 3296 sant:
920 3235 994 3296 357.
1014 3233 1079 3297 Non
1097 3242 1165 3313 ost,
1193 3234 1275 3314 quod
1294 3237 1483 3316 proteramus

230 3323 489 3386 Perceamaatiam
506 3339 568 3384 aaa
584 3322 775 3401 accepimns?
789 3319 839 3382 la·
855 3319 859 3349 ¹
878 3326 1054 3395 argumenta
1068 3317 1140 3382 Cani
1160 3327 1401 3400 ceterarumque,
1422 3317 1493 3379 exi-.

230 3409 307 3470 stior
325 3406 407 3468 enim
424 3408 542 3469 aieletar
565 3405 717 3468 accusatio
735 3404 839 3466 anen-
879 3403 1014 3480 gentium
1038 3402 1126 3464 fidem
1143 3403 1314 3485 explicitam
1334 3404 1371 3465 ad
1389 3401 1484 3480 glori-

232 3495 331 3554 tiam:
350 3491 417 3554 Noa
444 3491 607 3571 accepimns
630 3489 838 3564 audientiam,
879 3485 1062 3564 ficationem,
1081 3505 1142 3548 nan
1164 3495 1262 3549 autem
1283 3486 1321 3549 ad
1340 3486 1487 3557 iustificaf

232 3594 326 3656 qrcam
360 3576 543 3638 dicentium:
580 3577 648 3638 Non
679 3573 841 3652 accepimns
880 3571 1006 3649 tionem,
1027 3578 1130 3652 utpote
1148 3571 1332 3650 antiquata„

232 3661 499 3740 perseverantiam.
517 3655 634 3730 Quibus
647 3656 747 3720 verbis
761 3655 843 3719 ride-
1253 3685 1254 3688 ¹
1366 3694 1372 3736 4
1419 3699 1431 3742 p

236 3756 285 3806 tur
303 3763 331 3806 s.
349 3743 459 3804 Doctor
482 3751 624 3822 tanquam
652 3750 767 3805 certum
791 3758 842 3802 as-
1140 3705 1223 3788 iffi·

235 3847 360 3890 sumere
402 3846 502 3908 neque
523 3827 620 3906 ipsam
638 3825 842 3889 invincibilem
883 3825 1095 3902 Arqamentnlpro
1112 3828 1230 3903 sententio
1243 3827 1341 3885 arqnnle
1357 3825 1489 3874 necessita·

238 3875 441 3990 ignomn’pqam
480 3929 623 3973 excusare
659 3929 728 3972 eum
792 3908 844 3990 qui
917 3897 1052 3974 lemumeclti
1067 3895 1266 3953 nitentaptnnae
1284 3897 1412 3942 carnalem
1435 3907 1488 3960 my·

239 3983 402 4082 destitutus
418 4002 464 4058 esp
481 3995 540 4058 fide
558 3994 698 4078 explicita
715 3958 844 4057 in’chri·
918 3965 1050 4011 stercorum
1067 3965 1099 4010 acl
1116 3961 1221 4010 salutent
1239 3961 1403 4012 obtinentiam.

211 4064 216 4094 ¹
240 4091 335 4143 stum.
410 4156 419 4176 .
603 4128 607 4136 .
930 4082 1003 4144 358.
1024 4079 1304 4144 Huiussantcntiae
1323 4099 1499 4164 propagato·

259 4164 361 4232 aba.
381 4163 434 4226 His
453 4163 566 4228 addunt
583 4163 793 4232 auctoritatem
819 4180 845 4223 s.
889 4174 980 4244 tores,
1011 4167 1165 4246 supposita
1191 4166 1381 4228 distinctione
1412 4167 1503 4226 insert

243 4249 383 4311 Thomas
398 4247 431 4310 in
450 4247 469 4312 3
485 4256 577 4325 sent,
601 4248 672 4310 dist.
689 4248 743 4322 35,
764 4267 795 4328 q.
815 4245 846 4324 3,
888 4249 978 4312 fidem
996 4252 1166 4326 generalem
1183 4251 1214 4311 ln
1230 4250 1323 4312 Deum
1341 4249 1490 4312 iustifica-

244 4342 303 4396 art.
322 4332 354 4410 3,
378 4352 409 4414 q.
440 4331 479 4411 3,
505 4331 680 4396 scribentis:
707 4334 775 4395 Post
793 4331 850 4400 ari·
890 4342 986 4396 torem
1018 4343 1048 4396 et
1066 4335 1242 4397 salvatorem
1263 4334 1418 4396 bominum
1437 4347 1492 4414 per

246 4427 369 4478 sentam
381 4417 510 4514 Ciristi,
522 4418 665 4497 (iniciam
678 4417 851 4497 mysterium
890 4417 991 4481 menia
1005 4436 1063 4480 sua
1080 4418 1265 4500 providentia
1285 4417 1439 4500 disposita,
1460 4415 1493 4476 in

247 4503 464 4581 redemptum
486 4504 638 4581 mmmm
666 4509 720 4576 Μ’
739 4509 765 4562 ei
783 4517 851 4564 W
927 4549 964 4618 (l)
983 4547 1052 4600 Haec
1070 4543 1129 4600 iare
1152 4557 1211 4600 suat
1234 4552 1402 4614 argumenta,
1426 4561 1493 4612 quac

246 4587 408 4665 mamere
425 4594 453 4648 ei
468 4587 637 4663 nisibim&
654 4595 682 4647 05
693 4586 853 4681 Psassdissfl'
892 4631 939 4684 pro
958 4617 1004 4668 bac
1022 4617 1146 4668 sententia
1160 4611 1402 4668 amurmurabant
1420 4617 1447 4666 alc
1464 4615 1496 4677 [ι-

248 4679 340 4751 ram,
372 4689 472 4756 omnes
497 4679 635 4768 teneatur
664 4672 703 4734 aa
720 4669 855 4753 capitem
888 4688 931 4748 a,
949 4701 976 4754 q.
995 4689 1022 4748 a,
1040 4683 1104 4736 aab.
1117 4683 1172 4754 tas
1189 4689 1216 4736 a.
1310 4685 1312 4694 ¹
