3700 5659
771 494 911 556 carurv.
1361 485 1419 550 rut

204 596 340 681 quodsi
352 613 406 658 uos
418 590 585 674 proximum
599 591 720 671 propter
730 586 823 649 ileum
864 585 958 665 tioue3
979 607 1014 650 ac
1034 589 1143 670 primo,
1164 592 1238 673 quia
1256 594 1355 659 feruor
1372 609 1403 662 et
1420 602 1465 663 in·

203 685 348 761 diligere
380 687 517 742 tenemur
533 675 561 735 ri
581 671 730 754 praecepti
749 674 827 732 cari·
865 672 960 732 tensio
978 673 1148 737 dilectionis
1174 694 1298 757 eorum,
1322 682 1375 762 qui
1398 695 1466 766 post

204 768 303 843 tatis,
324 774 482 828 teneamur
500 761 557 820 hoc
582 759 648 839 ipso
675 756 760 818 illum
781 755 826 816 di·
865 753 958 816 Deum
971 757 1203 834 diligendisuot‚
1220 763 1278 841 peti
1295 763 1467 849 debentper

205 852 315 927 ligere
347 864 450 910 amore
470 840 716 925 supernaturali,
738 847 826 920 prout
864 841 1117 920 comparationem
1134 845 1171 905 ad
1190 845 1385 928 diligentem3
1409 854 1465 915 ad-

206 934 317 996 Deum
334 927 558 1012 supernaturali
575 944 678 988 amore
702 923 826 1002 diligere
863 941 961 1003 eoque
980 927 1169 1008 quoaliquis
1187 929 1320 1007 diligenti
1336 935 1465 998 coniun-

208 1018 247 1078 vi
267 1015 405 1078 ciusdem
429 1011 578 1094 praecepti
601 1008 824 1084 adstringimur.
864 1006 941 1068 otior
966 1019 1032 1086 est,
1053 1029 1090 1072 eo
1116 1012 1210 1088 magis
1235 1033 1288 1078 seu
1318 1017 1466 1084 intensius

206 1100 299 1162 Hinc
316 1099 343 1161 si
361 1098 485 1160 caritate
503 1093 723 1176 supernaturali
744 1091 826 1152 ideo·
864 1097 910 1151 est
934 1090 1114 1171 diligendus.
1138 1094 1294 1176 Secundo,
1315 1103 1386 1182 quia
1412 1123 1465 1166 or·

207 1203 281 1265 que
299 1183 333 1247 in
347 1181 452 1244 ordine
469 1179 507 1240 ad
525 1189 677 1240 aeternam
702 1175 828 1238 heatitu-
864 1173 901 1234 do
939 1177 1071 1240 caritatis
1106 1182 1265 1260 postulat,
1304 1195 1336 1246 ut
1374 1187 1465 1251 homo

210 1269 324 1330 dinem
360 1264 529 1346 proximum
560 1261 733 1340 diligimus,
765 1279 826 1321 rron
864 1257 948 1338 prius
990 1261 1123 1341 seipsum
1165 1285 1256 1346 qnam
1297 1272 1464 1352 proximum

212 1351 315 1415 ruodo
335 1349 416 1412 hona
446 1347 592 1409 naturalis
617 1345 753 1421 ordinis,
774 1345 826 1406 sed
864 1342 954 1404 etiam
983 1346 1137 1410 meliorem
1155 1350 1269 1432 diligat;
1290 1373 1360 1432 ergo
1377 1357 1465 1421 simi.
1573 1359 1577 1366 '

213 1445 393 1518 praeterea,
409 1433 471 1494 imo
490 1431 661 1513 praecipue,
682 1429 827 1491 debemus
866 1425 934 1510 liter
961 1432 1103 1509 postulat,
1128 1441 1161 1496 ut
1186 1437 1276 1500 homo
1305 1440 1388 1520 prius
1407 1443 1466 1506 sibi

215 1521 306 1584 bona
333 1515 598 1599 supernaturalia,
619 1523 765 1594 quantum
796 1513 826 1574 in
865 1512 1087 1578 coniunctiores
1119 1521 1213 1599 magis
1243 1523 1365 1603 diligat,
1396 1546 1466 1590 cum

215 1603 313 1665 nobis
328 1611 385 1678 est,
403 1602 431 1663 ei
449 1601 525 1662 uelle
537 1609 566 1661 et
583 1616 745 1681 procurare
764 1598 825 1676 (l).
866 1597 1017 1674 quantitas
1053 1601 1221 1668 dilectionis
1260 1627 1295 1670 ex
1326 1609 1467 1688 diligente

263 1689 342 1750 355.
373 1685 418 1750 Ad
453 1686 578 1748 alteram
615 1681 828 1764 propositionis
865 1689 1014 1742 sumatur.
1033 1682 1133 1749 Tertio
1153 1690 1236 1770 quia,
1257 1697 1467 1758 cumconiun-

216 1785 342 1857 partem
358 1771 440 1854 quod
456 1771 573 1846 attinet,
592 1787 652 1851 qua
670 1765 825 1846 asseritur,
866 1764 925 1826 otio
955 1767 1109 1845 sanguinis
1139 1773 1179 1835 sit
1195 1778 1360 1839 secuudum
1392 1782 1467 1844 sub-

215 1851 825 1940 prorimumesseordt‘nolediligendum,
866 1852 1018 1932 stantiam,
1040 1855 1177 1937 estprior
1187 1858 1362 1942 firmiorque
1376 1885 1466 1945 quam

215 1963 258 2005 ea
277 1944 349 2005 illos
364 1943 472 2024 arguit,
490 1941 542 2022 qui
556 1938 784 2011 contenderunt,
797 1949 829 2001 ut
866 1938 1038 1999 corriunctio
1063 1958 1117 2020 per
1146 1943 1294 2022 gratiam3
1325 1965 1396 2026 ergo
1415 1951 1467 2031 qui

217 2028 319 2093 refert
334 2047 360 2088 s.
380 2027 528 2102 ThomaS,
553 2025 704 2106 proximos
724 2040 828 2085 omnes
867 2023 1030 2084 secundum
1050 2024 1226 2101 sanguinem
1246 2029 1489 2108 coniunguntur

215 2130 292 2172 esse
310 2110 479 2190 aequaliter
495 2129 531 2171 ex
557 2110 680 2170 caritate
699 2107 828 2186 diligen·
868 2107 962 2181 magis
974 2125 1076 2187 quam,
1090 2111 1142 2190 qui
1158 2114 1322 2176 secundum
1341 2119 1467 2193 gratiam

218 2195 279 2256 dos
298 2195 405 2256 sallem
418 2193 518 2274 quoad
536 2193 687 2268 allectum,
701 2192 756 2252 elsi
769 2211 828 2253 non
868 2190 1101 2270 coniunguntur,
1118 2195 1260 2272 diligendi
1268 2208 1349 2261 sunt.
1366 2203 1406 2264 El
1418 2204 1467 2265 id-

218 2277 265 2339 ita
284 2279 387 2358 quoad
406 2279 542 2340 ellectum
559 2325 567 2354 ,
587 2295 641 2338 seu
660 2275 759 2357 quoad
776 2295 829 2337 ex·
867 2291 898 2332 eo
913 2293 1043 2353 possum,
1057 2277 1166 2357 inquit,
1179 2284 1356 2346 encoritole
1376 2289 1466 2364 velle,

221 2363 341 2424 teriora
358 2362 503 2424 beneficia
518 2361 579 2441 (2).
867 2361 945 2436 prlod
966 2360 1040 2436 iate,
1060 2364 1110 2438 pai
1125 2362 1262 2428 eot‘milti
1278 2370 1466 2449 coniunctus,

267 2447 345 2508 356.
360 2447 398 2509 m
416 2455 529 2509 certum
546 2451 591 2506 est
606 2443 710 2506 eodem
729 2442 828 2520 Ange·
867 2442 905 2502 sir
927 2437 1031 2506 molior
1058 2446 1139 2524 olio,
1159 2456 1186 2509 el
1204 2450 1246 2511 sic
1269 2453 1309 2513 cd
1326 2454 1471 2517 uioicrem

221 2531 285 2594 lico
306 2531 443 2609 docente,
464 2531 579 2591 diversa
596 2528 713 2590 ratione
730 2547 765 2588 ac
781 2529 830 2588 in·
870 2526 1065 2590 lentitudinis
1082 2533 1212 2610 predum
1226 2537 1383 2613 pertenire
1399 2557 1470 2618 pos-

221 2615 349 2696 aequali
369 2617 474 2677 saltem
489 2613 581 2690 gradu
601 2613 726 2674 allectus
740 2620 769 2672 et
782 2611 830 2672 in·
868 2611 904 2670 sil
924 2611 985 2689 (4).
1007 2611 1121 2693 quue,
1147 2624 1179 2676 ut
1211 2619 1467 2699 subintelligitur,

222 2695 831 2779 censualisaliospraealtis‘eriamamo·
869 2693 984 2773 'absque
1012 2697 1135 2758 alterius
1172 2698 1297 2760 iactura.
1332 2701 1468 2780 Quarto,

221 2803 259 2844 re
285 2783 421 2844 caritatis
447 2801 513 2843 esse
537 2780 715 2856 diligendos.
745 2778 831 2848 Quod
869 2776 941 2854 quia
953 2780 1183 2858 propinquiores
1200 2784 1336 2862 pluribus
1355 2805 1425 2866 prae
1440 2807 1473 2848 a·

221 2866 327 2927 trihus
366 2867 553 2948 potissimum
588 2863 770 2942 argumentis
794 2882 830 2923 o-
869 2860 917 2920 liis
938 2861 1033 2922 titulis
1051 2863 1089 2923 ad
1108 2864 1298 2927 dilectionem
1318 2869 1469 2946 gaudem,

221 2950 361 3027 stendit,
388 2969 496 3030 nempe
520 2957 583 3010 tam
610 2967 644 3009 ex
669 2966 723 3026 eo,
750 2947 831 3026 quod
870 2943 1034 3021 diliguntur
1049 2946 1128 3019 enim
1156 2958 1298 3028 tanquam
1322 2951 1398 3012 vitae
1417 2971 1471 3014 ae·

221 3034 327 3094 maius
368 3043 521 3115 peccatum
563 3032 602 3093 sit
641 3031 671 3091 in
712 3031 831 3110 aliquos
872 3035 973 3089 ternae
986 3047 1121 3109 capaces,
1138 3040 1278 3111 tauquam
1295 3035 1473 3113 consangui-

223 3117 406 3197 delinquere
425 3137 512 3196 quam
542 3116 572 3176 in
591 3115 684 3190 alios,
705 3115 776 3194 quia
790 3135 829 3175 a·
871 3111 1083 3192 nei,tanquam
1095 3115 1213 3176 ciuesct
1225 3117 1399 3194 larniliareS,
1411 3130 1470 3181 etc.

223 3200 287 3261 lios
303 3219 375 3281 prae
385 3201 453 3262 aliis
465 3200 588 3278 diligere
605 3208 753 3274 tenemur;
767 3207 829 3260 tum
871 3195 1032 3274 Amplioris
1051 3198 1175 3278 proinde
1199 3199 1381 3279 dilectionis,
1408 3212 1471 3265 tum

223 3303 261 3344 ex
281 3303 318 3344 eo
338 3285 420 3364 quod
443 3283 606 3346 latentibus
628 3282 828 3358 adversariis,
872 3281 1036 3357 naturalis,
1059 3291 1119 3342 tum
1139 3287 1373 3364 supernaturalis
1392 3287 1473 3368 digni

222 3368 323 3442 inagis
338 3369 390 3428 uni
408 3386 497 3448 quam
518 3367 603 3428 alteri
623 3375 762 3427 tenemur
780 3365 831 3427 he-
872 3362 1001 3424 habendi
1018 3374 1099 3426 suut.
1121 3364 1242 3444 Quinto,
1260 3369 1332 3448 quia
1350 3371 1473 3450 speciali

222 3451 335 3512 nelicia
353 3461 516 3532 praestare,
532 3452 608 3512 cur‘?
627 3451 684 3511 nisi
704 3450 774 3528 quia
786 3451 831 3510 in·
873 3447 1011 3508 mandato
1030 3448 1172 3510 iubemur
1192 3461 1330 3529 parentes
1346 3453 1474 3515 honora-

225 3534 335 3595 leriori
354 3537 461 3596 all'ectu
476 3535 570 3612 magis
584 3534 725 3614 prosequi
741 3533 831 3594 delie-
871 3547 903 3588 re
924 3541 953 3589 et
973 3530 1118 3606 diligere3
1150 3551 1185 3593 ac
1205 3534 1328 3612 proinde
1358 3537 1474 3598 maiora

224 3637 309 3693 mus3
330 3628 391 3679 tum
411 3619 540 3696 denique
559 3637 593 3678 ex
612 3637 660 3694 eo,
678 3618 757 3696 qnod
777 3635 829 3678 ca·
870 3610 931 3696 illis
949 3613 1094 3674 debemus
1108 3622 1170 3675 tum
1185 3615 1411 3679 benevolentiae
1428 3619 1473 3680 si-

223 3701 327 3762 ritatis
346 3701 418 3762 ordo
431 3702 548 3763 desumi
563 3701 670 3762 debeat
683 3720 717 3760 ex
738 3700 831 3761 maio·
871 3713 937 3771 gna,
958 3705 1020 3756 tum
1041 3697 1156 3776 potiora
1174 3698 1270 3760 officia
1286 3700 1470 3780 impendere.

224 3785 270 3860 ri,
293 3785 339 3846 rel
368 3785 478 3846 minori
505 3804 572 3846 curn
593 3785 653 3846 Deo
680 3803 714 3845 ac
743 3785 831 3846 nobis
871 3777 946 3851 Hinc
963 3778 1056 3840 Levit.
1074 3797 1122 3855 ux,
1143 3783 1472 3858 9statuitur10oimo·

224 3868 477 3948 propinquitate,
497 3887 575 3949 quae
593 3868 725 3949 prolecto
744 3867 830 3930 inae·
872 3864 1011 3925 indixerit
1022 3866 1109 3962 putri
1124 3883 1189 3941 cuo,
1206 3874 1258 3926 orit
1273 3869 1379 3943 moiri,
1394 3886 1471 3929 mor·

225 3952 329 4030 qualis
347 3962 391 4012 est
405 3955 464 4031 (3).
871 3954 897 4006 te
915 3948 1081 4019 nanciacum
1092 3957 1122 4009 et
1132 3949 1285 4028 apostolus
1298 3949 1320 4009 Ι.
1338 3949 1472 4013 Timoth.

253 4035 345 4095 357.
362 4035 475 4113 Exinde
491 4035 604 4112 colligit
619 4052 644 4096 s.
662 4033 766 4095 doctor
778 4053 830 4096 ce·
870 4045 900 4104 u,
922 4029 953 4089 8:
974 4031 1009 4092 Si
1024 4032 1101 4108 qnia,
1117 4031 1226 4110 inquit,
1238 4043 1398 4096 sumtrmet
1411 4053 1475 4097 mo·

225 4117 302 4178 teris
322 4118 445 4198 paribus
460 4139 515 4181 seu
533 4137 585 4198 per
603 4137 635 4179 se
652 4118 746 4193 inagis
765 4117 833 4179 dili·
869 4113 951 4174 mimo
967 4115 1193 4176 doutrtlt'corum
1211 4133 1317 4178 curum
1335 4137 1396 4180 non
1415 4119 1472 4181 lio-

224 4201 342 4276 gendos
354 4221 420 4263 esse
435 4203 523 4264 nobis
538 4220 627 4263 carne
641 4201 831 4262 coniunctio·
872 4196 929 4268 bel,
949 4197 1036 4276 fidem
1050 4199 1181 4278 negavit,
1196 4210 1222 4260 et
1238 4209 1280 4262 est
1296 4203 1412 4280 infideli
1426 4204 1474 4265 de·

225 4302 277 4344 res
297 4304 388 4365 quam
408 4296 590 4360 extraneos,
610 4285 746 4364 quamvis
766 4304 831 4346 me·
871 4280 975 4340 terior.
997 4281 1127 4344 Suorum
1145 4291 1246 4343 autem
1265 4286 1386 4345 nomine
1403 4303 1474 4364 apo·

225 4366 334 4430 liores.
364 4368 457 4449 quue
487 4368 595 4431 evincit
613 4367 770 4449 multiplici
784 4387 832 4430 ra·
869 4363 980 4424 siolum
1018 4364 1119 4443 lilius,
1152 4375 1301 4445 nepotes,
1336 4367 1474 4446 aliosque

260 4498 300 4562 (l)
320 4496 360 4548 Cf.
384 4496 502 4560 Suarca,
533 4498 571 4550 De
600 4502 672 4549 corii.
704 4494 772 4564 disp.
794 4503 828 4560 d,
903 4498 942 4564 (5)
959 4495 1021 4548 Loc.
1050 4497 1094 4549 cit.
1114 4495 1158 4546 ribi
1184 4505 1266 4547 totum
1292 4506 1472 4562 argumentum

224 4577 291 4614 ecel.
303 4569 329 4614 l.
565 4627 569 4630 1
870 4564 1000 4632 praeclaro
1016 4579 1046 4613 ac
1064 4561 1148 4613 lucido
1167 4563 1273 4614 euoluit.
1539 4567 1544 4572 '

263 4634 304 4701 ld)
323 4631 356 4695 ll,
370 4636 396 4693 2,
408 4647 434 4698 q.
450 4629 544 4694 xxvi,
557 4639 607 4682 ert¹
620 4634 646 4683 6.
770 4631 774 4636 ’
904 4632 942 4700 (l)
960 4629 1027 4681 ibid.
1045 4639 1095 4681 art.
1108 4634 1135 4684 7.
