3700 5659
374 435 435 498 134
890 449 933 493 on
951 449 1018 493 rtur:

329 544 452 607 mittunt
462 541 629 604 catholicae
641 541 769 617 veritati,
780 551 813 602 ut
825 541 932 602 salsam
974 541 1075 622 ctiqne
1096 541 1245 605 eiusmodi
1264 542 1430 606 histriones
1461 552 1582 626 aposta-

330 628 506 706 religiouem
527 629 732 708 profiteantur,
753 634 805 686 aut
828 633 862 686 ut
883 626 932 685 in·
974 627 1037 688 siae
1049 626 1086 686 de
1104 646 1163 706 qua
1177 628 1342 708 loquimur,
1356 638 1446 690 reatu
1463 648 1497 689 se
1515 647 1586 688 con·
1666 693 1668 696 ,

332 711 500 774 credulitati
521 710 576 772 sub
599 709 704 792 quovis
727 717 864 790 respectu
883 707 936 770 ad·
977 711 1243 786 taminant,veru1n
1254 711 1422 792 etiam,qui
1432 711 1586 773 eiusmodi

334 799 498 873 haereant,
526 804 590 856 tum
619 801 769 874 apostatas
793 793 936 854 virtuales
976 795 1107 857 ludibria
1137 795 1282 875 impedire
1315 815 1383 857 cum
1403 795 1528 876 possint
1562 805 1589 857 et

334 900 388 942 seu
407 880 663 960 interpretantes,
684 877 736 958 qui
765 886 866 939 tamen
884 895 936 940 ca·
976 898 1012 940 en
1031 897 1165 955 munere,
1178 879 1258 960 quod
1274 879 1423 958 obtinent,
1444 879 1588 954 debeant,

336 964 447 1025 tholico
476 963 575 1024 adhuc
604 962 726 1024 nomine
757 963 934 1039 gloriantur.
978 963 1174 1024 nihilomiuus
1190 982 1226 1024 en
1243 973 1359 1025 secreto
1378 963 1409 1023 in
1425 963 1589 1025 ecclesiam

337 1050 379 1110 Ile
398 1047 503 1128 primis
527 1065 575 1109 res
606 1055 710 1127 aperta
727 1055 784 1124 est,
810 1063 845 1106 ac
864 1043 938 1106 satis
980 1047 1049 1108 odio
1068 1047 1254 1128 permittunt,
1273 1047 1333 1108 imo
1354 1047 1460 1108 levent
1475 1066 1511 1108 ac
1530 1066 1594 1127 pro·

337 1133 375 1194 de
393 1131 430 1192 iis
449 1130 659 1192 disseruimus.
678 1130 837 1211 Reliquum
849 1129 941 1206 igitur
982 1139 1111 1194 movent,
1132 1129 1213 1192 ldem
1233 1131 1280 1192 dic
1303 1131 1339 1192 de
1356 1131 1469 1193 insana
1486 1131 1590 1207 turba,

338 1224 396 1289 est,
410 1225 444 1275 ut
457 1233 510 1276 eos
528 1232 757 1296 persequamur,
775 1214 827 1293 qui
843 1213 942 1294 inpo-
960 1231 963 1273 t
982 1235 1060 1298 quae
1082 1213 1232 1276 eiusmodi
1250 1215 1431 1295 spectaculis
1454 1215 1592 1290 assistit,

339 1298 460 1362 steriori
500 1301 597 1360 classe
632 1307 835 1380 apostatarum
868 1315 942 1358 cen·
983 1319 1018 1363 ac
1036 1309 1189 1380 praeterea
1206 1297 1376 1360 incredibili
1393 1299 1596 1378 quodaml·

340 1392 457 1459 sentur,
478 1383 542 1461 qui,
560 1392 592 1444 ut
610 1382 763 1443 innuimus
779 1380 859 1442 haud
871 1399 945 1460 pau·
963 1423 965 1442 2
984 1403 1053 1446 rore
1076 1402 1112 1444 ea
1136 1383 1267 1464 excipit,
1295 1381 1486 1463 quandoque
1508 1383 1596 1444 etiam

342 1469 371 1529 ci
386 1476 467 1529 sunt.
488 1467 530 1527 Ac
552 1467 661 1528 iuverit
679 1467 760 1546 ipsos
781 1463 944 1526 distinctim
964 1448 967 1526 l
986 1467 1089 1530 iterari
1105 1467 1212 1548 poscit.

345 1569 531 1632 percurrere,
552 1559 586 1611 ut
604 1557 713 1630 pateat,
734 1549 857 1630 quinam
872 1549 943 1625 sint,
1029 1553 1102 1612 hll.
1123 1551 1248 1631 Insuper
1277 1549 1427 1612 immunes
1455 1549 1498 1611 ab
1518 1547 1598 1610 eius·

345 1635 399 1715 qui
415 1643 496 1695 tanto
515 1652 548 1694 se
567 1634 699 1695 lacinore
714 1635 944 1695 commaculant.
988 1635 1069 1698 modi
1081 1640 1156 1696 nona
1172 1654 1230 1695 non
1249 1641 1330 1710 sunt,
1347 1642 1507 1714 quotquot
1522 1633 1599 1709 leges

390 1719 462 1778 544.
484 1717 576 1795 Igitur
594 1717 760 1798 culpabiles
779 1716 948 1798 apostasiae
967 1690 970 1776 l
989 1728 1041 1782 aut
1053 1727 1224 1800 proponunt
1234 1726 1286 1779 aut
1301 1718 1467 1780 efficaciter
1482 1735 1601 1799 promo·

346 1803 482 1863 virtualis
513 1821 547 1864 ac
576 1801 816 1882 interpretativae
844 1820 877 1862 se
902 1801 949 1862 la·
969 1807 971 1865 l
989 1811 1059 1866 veut
1090 1803 1281 1865 adversantes
1309 1801 1469 1878 religionis
1501 1802 1599 1876 hono,

349 1887 447 1963 ciunt,
465 1895 615 1968 quotquot
632 1905 667 1947 ex
683 1885 840 1947 catholicis
859 1883 951 1946 desti·
992 1905 1131 1969 quaeque
1149 1887 1300 1948 eversivae
1329 1893 1399 1946 sunt
1422 1885 1600 1964 dogmatum

349 1980 419 2032 nata
439 1971 552 2032 malitia
570 1970 716 2051 plaudunt
727 1969 951 2032 incredulorum
971 1941 974 2065 l
993 1982 1083 2053 atque
1102 1970 1318 2033 observationis
1344 1969 1523 2031 essentialis
1552 1986 1599 2029 ec·

350 2064 381 2116 et
397 2055 618 2116 haereticorum
647 2053 788 2116 conviciis
811 2054 953 2116 adversus
994 2055 1180 2118 clesiasticae
1201 2073 1325 2136 praxeos
1344 2062 1373 2114 et
1394 2052 1598 2134 disciplinae,

352 2140 536 2215 ecclesiam,
557 2157 686 2219 eamque
703 2137 898 2220 proscindunt
919 2154 954 2198 ac
995 2137 1433 2218 autiuriumecclesiae3quios
1445 2138 1602 2199 obstruere

353 2225 486 2285 lacerant
500 2223 594 2298 omni,
616 2242 676 2303 quo
693 2232 828 2303 possunt,
850 2220 952 2296 modo,
996 2225 1133 2284 nituntur
1149 2221 1424 2300 concionatoribus,
1443 2241 1486 2283 ne
1502 2219 1603 2282 verita·

354 2317 389 2367 ut
406 2307 663 2386 contemptibilem
686 2306 837 2383 efficiant,
865 2313 956 2385 atque
997 2317 1041 2370 tes
1054 2307 1231 2368 annuntient
1244 2305 1418 2382 catholicas,
1432 2324 1518 2386 quae
1536 2301 1602 2384 ipsis

356 2410 389 2452 en
404 2391 461 2450 hoc
477 2390 622 2470 principio
640 2389 781 2450 mandata
796 2390 860 2451 eius
873 2385 958 2470 parvi
998 2411 1058 2453 nou
1071 2391 1213 2468 arrident,
1232 2409 1266 2451 ac
1281 2390 1396 2451 interea
1414 2390 1603 2450 facinoroso-

356 2474 509 2556 pendunt,
529 2473 591 2534 imo
612 2473 796 2554 proculcant.
998 2475 1274 2558 rumquorundam
1294 2472 1499 2554 perduellium
1515 2470 1604 2532 eccle·

401 2558 474 2618 545.
485 2557 570 2633 item,
585 2565 733 2639 quotquot
750 2575 874 2619 romano
887 2575 961 2637 pon·
999 2559 1189 2621 siasticorum
1204 2557 1360 2620 audaciam
1377 2557 1415 2618 ad
1430 2558 1604 2618 subverten-

358 2642 451 2717 tilici,
473 2641 571 2702 coetui
589 2641 752 2722 episcopali
773 2649 825 2704 aut
857 2659 960 2702 sacer·
1001 2645 1054 2706 dos
1087 2643 1219 2704 fidelium
1255 2641 1371 2702 animos
1403 2641 1602 2713 confirmant,

360 2725 464 2803 dotali,
475 2725 648 2802 religiosum
660 2725 875 2788 institutumab
885 2743 961 2806 apo·
1001 2735 1137 2791 tutantur
1155 2733 1400 2807 promoventque.

361 2810 468 2873 stolica
486 2810 556 2872 sede
574 2809 733 2892 probatum
753 2809 959 2886 sectantibus,
1045 2812 1118 2872 548.
1141 2809 1296 2890 Denique,
1324 2809 1433 2870 ceteris
1460 2805 1602 2879 omissis,

361 2915 421 2956 non
438 2911 475 2956 ex
490 2894 619 2974 quadam
639 2893 732 2956 animi
760 2895 895 2970 levitate,¹
910 2891 964 2954 sed
1003 2894 1151 2959 eiusmodi
1171 2893 1313 2976 apostatis
1334 2892 1440 2954 merito
1459 2894 1604 2955 adnume-

362 2997 400 3040 ex
418 2979 509 3040 corde
524 2980 643 3060 publice
661 2979 804 3040 insultant
822 2988 963 3057 tanquam
1003 2998 1107 3042 ramus
1134 2997 1186 3040 eos
1206 2995 1345 3059 quoque,
1366 2976 1418 3056 qui
1441 2995 1504 3038 non
1523 2971 1604 3036 modo

363 3063 510 3124 ministris
529 3062 674 3124 ecclesiae
692 3061 757 3139 Dei,
778 3081 869 3142 quam
887 3059 965 3121 invi·
1005 3063 1184 3125 infractores
1217 3064 1315 3140 legum
1335 3059 1603 3123 ecclesiasticarum

366 3166 430 3208 sam
446 3146 559 3207 habeut
572 3154 602 3207 et
624 3155 821 3224 execrantur3
840 3163 895 3206 uec
911 3163 966 3205 ve·
1007 3155 1087 3224 sunt,
1109 3145 1162 3208 sed
1180 3153 1335 3228 praeterea
1350 3143 1381 3204 id
1406 3149 1562 3226 praestant
1576 3157 1606 3201 en

366 3238 472 3292 rentur
503 3249 555 3290 eos
587 3229 789 3306 calumniari,
827 3226 968 3309 persequi
995 3231 1137 3312 ,quadam
1177 3229 1375 3291 ostentatione
1413 3228 1537 3310 publica
1575 3221 1606 3285 ad

366 3322 397 3375 et
415 3313 501 3374 dictis
521 3322 550 3374 et
568 3311 666 3390 lactis,
687 3313 761 3375 adeo
776 3321 809 3374 ut
823 3330 878 3374 nec
896 3329 968 3392 pos·
1009 3333 1096 3376 suum
1110 3313 1347 3396 patefaciendum
1363 3313 1530 3374 earundem
1545 3325 1606 3371 con·

369 3396 473 3459 sintin
493 3397 646 3478 publicum
662 3396 792 3478 prodire,
807 3395 882 3477 quin
898 3395 970 3456 isto·
1010 3408 1168 3480 temptum,
1180 3418 1213 3460 ac
1224 3398 1321 3479 palam
1336 3395 1373 3456 de
1388 3397 1432 3458 eis
1445 3398 1607 3477 obloquun-

367 3500 436 3542 rum
455 3481 618 3562 impiorum
636 3481 810 3558 cachinnis,
831 3479 970 3560 quaudo·
1011 3492 1071 3560 tur,
1092 3501 1126 3544 ac
1144 3481 1290 3563 implicite
1312 3481 1430 3557 saltem,
1452 3481 1500 3542 sin
1517 3479 1606 3542 minus

370 3585 429 3647 que
448 3567 539 3627 etiam
559 3565 688 3627 lustihus
704 3565 832 3646 aliisque
846 3563 972 3626 indeco-
1012 3566 1168 3647 explicite,
1188 3565 1333 3627 ecclesiae
1351 3565 1561 3634 auctoritatem
1581 3559 1606 3619 in

369 3651 412 3711 ris
430 3651 548 3712 actibus
566 3668 632 3712 sese
651 3658 810 3730 exponant,
828 3648 880 3729 qui
899 3647 974 3710 alio·
1012 3651 1072 3712 illis
1088 3649 1304 3712 constituendis
1315 3647 1498 3709 inficiantur.
1514 3647 1606 3724 Neque

371 3734 445 3814 quin
463 3742 606 3814 tanquam
632 3733 752 3796 honesti
767 3733 846 3796 cives
878 3733 975 3793 bono·
1014 3733 1097 3796 aliud
1115 3733 1302 3796 sentiendum
1323 3729 1360 3792 de
1377 3731 1426 3810 iis,
1444 3732 1497 3813 qui
1516 3726 1607 3822 ponti-

370 3818 457 3880 randi
474 3827 585 3880 essent.
1014 3818 1097 3879 licias
1116 3817 1367 3894 constitutiones,
1395 3825 1448 3877 aut
1469 3817 1607 3877 solomon

415 3903 488 3962 546.
509 3900 575 3971 Quo
593 3901 666 3963 item
699 3901 731 3962 in
758 3919 885 3963 numero
916 3901 974 3962 ha·
1015 3901 1168 3963 Pontificio
1202 3909 1268 3963 acta
1289 3899 1371 3978 gravi
1399 3900 1559 3982 supercilio
1576 3892 1607 3955 ad

374 3985 464 4045 bendi
492 3993 582 4060 sunt,
611 3992 760 4065 quotquot
792 3985 823 4046 iu
852 3985 976 4046 theatris
1016 4005 1101 4048 suam
1117 3983 1258 4046 trutinam
1269 3993 1420 4063 revocant,
1434 3983 1606 4070 expendunt,

374 4086 429 4128 seu
443 4067 570 4128 scenicis
588 4067 913 4147 repraesentationibus
929 4088 978 4130 ex·
1017 4070 1176 4147 damnant,
1193 4068 1317 4150 perinde
1335 4068 1410 4130 acsi
1428 4067 1543 4130 iudices
1560 4066 1608 4145 ipst

374 4152 480 4212 hibent
509 4150 642 4211 irrisioni
674 4160 703 4212 et
733 4151 886 4234 despectui
913 4160 977 4213 tum
1018 4153 1173 4214 constituti
1190 4153 1318 4214 luissent
1335 4151 1373 4214 ad
1390 4171 1549 4233 supremae
1565 4165 1609 4210 au-

374 4253 424 4296 res
442 4252 565 4312 sacras,
586 4243 648 4296 tum
669 4253 754 4296 sacra
783 4235 976 4312 ministeria,
1018 4237 1165 4299 ctoritatis
1193 4243 1259 4298 acta
1287 4255 1322 4298 ac
1354 4235 1608 4298 determinationes

375 4337 539 4401 sacrosque
557 4318 734 4396 ministros,
757 4319 978 4382 haereticorum
1019 4321 1191 4400 librandas,
1212 4329 1245 4382 ut
1262 4339 1313 4382 eas
1332 4329 1384 4382 ant
1401 4318 1548 4400 probent,
1566 4319 1609 4378 aut

376 4412 406 4464 et
423 4421 607 4484 paganorum
626 4421 720 4481 more,
739 4411 772 4465 ut
792 4404 850 4465 hac
863 4404 980 4466 ratione
1020 4405 1157 4466 reiiciant
1175 4423 1228 4486 pro
1254 4403 1352 4464 lubitu
1373 4422 1440 4464 suo.
1462 4403 1553 4483 idque
1568 4397 1608 4460 di·

377 4489 495 4550 animos
510 4496 711 4569 spectatorum
725 4506 742 4549 a
754 4487 980 4550 catholicareli·
1020 4497 1100 4550 ctum
1115 4489 1272 4564 volumus,
1291 4495 1354 4548 tum
1374 4487 1410 4548 de
1429 4483 1609 4548 constitutio·

378 4572 467 4649 gione
481 4573 641 4635 abducant.
651 4571 710 4634 Nec
721 4571 808 4633 modo
817 4571 982 4634 vilesahie·
1020 4573 1110 4635 nibus
1135 4571 1310 4652 dogmaticis
1329 4589 1363 4634 ac
1381 4569 1608 4640 doctrinalibus,
