<?xml version="1.0" encoding="UTF-8"?>
<!DOCTYPE html PUBLIC "-//W3C//DTD XHTML 1.0 Transitional//EN"
    "http://www.w3.org/TR/xhtml1/DTD/xhtml1-transitional.dtd">
<html xmlns="http://www.w3.org/1999/xhtml" xml:lang="en" lang="en">
 <head>
  <title>
</title>
<meta http-equiv="Content-Type" content="text/html;charset=utf-8" />
  <meta name='ocr-system' content='tesseract 3.04.00' />
  <meta name='ocr-capabilities' content='ocr_page ocr_carea ocr_par ocr_line ocrx_word'/>
</head>
<body>
  <div class='ocr_page' id='page_1' title='image "./praelectionesth09perrgoog/praelectionesth09perrgoog_0229.png"; bbox 0 0 3700 5659; ppageno 0'>
   <div class='ocr_carea' id='block_1_1' title="bbox 750 526 1414 590">
    <p class='ocr_par' dir='ltr' id='par_1_1' title="bbox 750 526 1414 590">
     <span class='ocr_line' id='line_1_1' title="bbox 750 526 1414 590; baseline 0.005 -5"><span class='ocrx_word' id='word_1_1' title='bbox 750 539 847 585; x_wconf 77' lang='lat' dir='ltr'>curun</span> <span class='ocrx_word' id='word_1_2' title='bbox 864 541 906 584; x_wconf 92' lang='grc' dir='ltr'><strong><em>ιιι.</em></strong></span> <span class='ocrx_word' id='word_1_3' title='bbox 1353 526 1414 590; x_wconf 73' lang='grc' dir='ltr'>ιιι</span> 
     </span>
    </p>
   </div>
   <div class='ocr_carea' id='block_1_2' title="bbox 188 629 1467 4771">
    <p class='ocr_par' dir='ltr' id='par_1_2' title="bbox 188 629 1467 4771">
     <span class='ocr_line' id='line_1_2' title="bbox 188 629 1456 715; baseline -0.006 -13"><span class='ocrx_word' id='word_1_4' title='bbox 188 636 246 702; x_wconf 84' lang='lat' dir='ltr'>cia</span> <span class='ocrx_word' id='word_1_5' title='bbox 271 652 307 698; x_wconf 88' lang='lat' dir='ltr'>ac</span> <span class='ocrx_word' id='word_1_6' title='bbox 327 649 454 694; x_wconf 80' lang='lat' dir='ltr'>nrrrnero</span> <span class='ocrx_word' id='word_1_7' title='bbox 472 630 635 692; x_wconf 87' lang='lat' dir='ltr'>constituat</span> <span class='ocrx_word' id='word_1_8' title='bbox 648 629 807 705; x_wconf 86' lang='lat' dir='ltr'>virtutem,</span> <span class='ocrx_word' id='word_1_9' title='bbox 827 671 830 714; x_wconf 77' lang='lat'>,</span> <span class='ocrx_word' id='word_1_10' title='bbox 850 629 1016 708; x_wconf 77' lang='lat' dir='ltr'>distingui,</span> <span class='ocrx_word' id='word_1_11' title='bbox 1047 631 1232 712; x_wconf 83' lang='lat' dir='ltr'>exploratum</span> <span class='ocrx_word' id='word_1_12' title='bbox 1257 640 1304 695; x_wconf 88' lang='lat' dir='ltr'>est</span> <span class='ocrx_word' id='word_1_13' title='bbox 1321 634 1401 715; x_wconf 91' lang='lat' dir='ltr'>apud</span> <span class='ocrx_word' id='word_1_14' title='bbox 1419 654 1456 696; x_wconf 93' lang='lat' dir='ltr'>o-</span> 
     </span>
     <span class='ocr_line' id='line_1_3' title="bbox 191 715 1457 799; baseline -0.003 -14"><span class='ocrx_word' id='word_1_15' title='bbox 191 732 339 784; x_wconf 87' lang='lat' dir='ltr'>attamen</span> <span class='ocrx_word' id='word_1_16' title='bbox 365 715 464 799; x_wconf 88' lang='lat' dir='ltr'>prouti</span> <span class='ocrx_word' id='word_1_17' title='bbox 481 726 552 776; x_wconf 91' lang='lat' dir='ltr'>sunt</span> <span class='ocrx_word' id='word_1_18' title='bbox 574 715 691 775; x_wconf 89' lang='lat' dir='ltr'>obiecta</span> <span class='ocrx_word' id='word_1_19' title='bbox 712 725 809 775; x_wconf 88' lang='lat' dir='ltr'>mate-</span> <span class='ocrx_word' id='word_1_20' title='bbox 852 733 946 789; x_wconf 89' lang='lat' dir='ltr'>mnes,</span> <span class='ocrx_word' id='word_1_21' title='bbox 969 726 1058 796; x_wconf 88' lang='lat' dir='ltr'>atque</span> <span class='ocrx_word' id='word_1_22' title='bbox 1074 735 1108 776; x_wconf 84' lang='lat' dir='ltr'>en</span> <span class='ocrx_word' id='word_1_23' title='bbox 1127 719 1345 779; x_wconf 75' lang='lat' dir='ltr'>constituendis</span> <span class='ocrx_word' id='word_1_24' title='bbox 1363 720 1457 781; x_wconf 90' lang='lat' dir='ltr'>etiam</span> 
     </span>
     <span class='ocr_line' id='line_1_4' title="bbox 191 797 1458 882; baseline -0.002 -14"><span class='ocrx_word' id='word_1_25' title='bbox 191 806 316 882; x_wconf 91' lang='lat' dir='ltr'>rialia,</span> <span class='ocrx_word' id='word_1_26' title='bbox 338 803 418 864; x_wconf 88' lang='lat' dir='ltr'>inter</span> <span class='ocrx_word' id='word_1_27' title='bbox 433 819 466 862; x_wconf 90' lang='lat' dir='ltr'>se</span> <span class='ocrx_word' id='word_1_28' title='bbox 490 799 727 877; x_wconf 88' lang='lat' dir='ltr'>distinguuntur.</span> <span class='ocrx_word' id='word_1_29' title='bbox 748 797 810 859; x_wconf 87' lang='lat' dir='ltr'>Sub</span> <span class='ocrx_word' id='word_1_30' title='bbox 852 801 949 878; x_wconf 85' lang='lat' dir='ltr'>palam</span> <span class='ocrx_word' id='word_1_31' title='bbox 962 803 1023 860; x_wconf 82' lang='lat' dir='ltr'>det.</span> <span class='ocrx_word' id='word_1_32' title='bbox 1040 799 1103 860; x_wconf 90' lang='lat' dir='ltr'>Non</span> <span class='ocrx_word' id='word_1_33' title='bbox 1120 801 1161 861; x_wconf 90' lang='lat' dir='ltr'>ita</span> <span class='ocrx_word' id='word_1_34' title='bbox 1175 821 1244 862; x_wconf 82' lang='lat' dir='ltr'>uero</span> <span class='ocrx_word' id='word_1_35' title='bbox 1258 821 1290 863; x_wconf 88' lang='lat' dir='ltr'>se</span> <span class='ocrx_word' id='word_1_36' title='bbox 1301 821 1350 864; x_wconf 90' lang='lat' dir='ltr'>res</span> <span class='ocrx_word' id='word_1_37' title='bbox 1366 803 1458 866; x_wconf 84' lang='lat' dir='ltr'>habet</span> 
     </span>
     <span class='ocr_line' id='line_1_5' title="bbox 193 883 1456 969; baseline -0.002 -17"><span class='ocrx_word' id='word_1_38' title='bbox 193 891 262 952; x_wconf 89' lang='lat' dir='ltr'>hoc</span> <span class='ocrx_word' id='word_1_39' title='bbox 292 895 454 969; x_wconf 88' lang='lat' dir='ltr'>propterea</span> <span class='ocrx_word' id='word_1_40' title='bbox 484 883 642 963; x_wconf 76' lang='lat' dir='ltr'>posteriori</span> <span class='ocrx_word' id='word_1_41' title='bbox 672 891 811 964; x_wconf 87' lang='lat' dir='ltr'>respectu</span> <span class='ocrx_word' id='word_1_42' title='bbox 852 902 943 964; x_wconf 90' lang='lat' dir='ltr'>quum</span> <span class='ocrx_word' id='word_1_43' title='bbox 965 886 1176 965; x_wconf 87' lang='lat' dir='ltr'>inquiruntur,</span> <span class='ocrx_word' id='word_1_44' title='bbox 1199 887 1278 947; x_wconf 90' lang='lat' dir='ltr'>unde</span> <span class='ocrx_word' id='word_1_45' title='bbox 1294 889 1456 967; x_wconf 88' lang='lat' dir='ltr'>repetenda</span> 
     </span>
     <span class='ocr_line' id='line_1_6' title="bbox 193 968 1458 1055; baseline -0.004 -18"><span class='ocrx_word' id='word_1_46' title='bbox 193 974 398 1055; x_wconf 83' lang='lat' dir='ltr'>inquiritur,</span> <span class='ocrx_word' id='word_1_47' title='bbox 418 969 540 1049; x_wconf 90' lang='lat' dir='ltr'>quinam</span> <span class='ocrx_word' id='word_1_48' title='bbox 559 968 666 1029; x_wconf 87' lang='lat' dir='ltr'>debeat</span> <span class='ocrx_word' id='word_1_49' title='bbox 688 986 754 1029; x_wconf 91' lang='lat' dir='ltr'>esse</span> <span class='ocrx_word' id='word_1_50' title='bbox 776 987 812 1028; x_wconf 91' lang='lat' dir='ltr'>a·</span> <span class='ocrx_word' id='word_1_51' title='bbox 851 969 1050 1030; x_wconf 87' lang='lat' dir='ltr'>siteiusmodi</span> <span class='ocrx_word' id='word_1_52' title='bbox 1065 969 1229 1031; x_wconf 87' lang='lat' dir='ltr'>distinctio:</span> <span class='ocrx_word' id='word_1_53' title='bbox 1252 991 1319 1032; x_wconf 92' lang='lat' dir='ltr'>nam</span> <span class='ocrx_word' id='word_1_54' title='bbox 1341 972 1370 1031; x_wconf 93' lang='lat' dir='ltr'>in</span> <span class='ocrx_word' id='word_1_55' title='bbox 1391 973 1458 1053; x_wconf 93' lang='lat' dir='ltr'>plu-</span> 
     </span>
     <span class='ocr_line' id='line_1_7' title="bbox 194 1051 1457 1137; baseline -0.002 -17"><span class='ocrx_word' id='word_1_56' title='bbox 194 1069 272 1120; x_wconf 91' lang='lat' dir='ltr'>ctus</span> <span class='ocrx_word' id='word_1_57' title='bbox 289 1075 352 1137; x_wconf 90' lang='lat' dir='ltr'>quo</span> <span class='ocrx_word' id='word_1_58' title='bbox 371 1055 463 1116; x_wconf 86' lang='lat' dir='ltr'>llcum</span> <span class='ocrx_word' id='word_1_59' title='bbox 479 1052 604 1114; x_wconf 88' lang='lat' dir='ltr'>caritate</span> <span class='ocrx_word' id='word_1_60' title='bbox 623 1052 747 1128; x_wconf 88' lang='lat' dir='ltr'>diligere</span> <span class='ocrx_word' id='word_1_61' title='bbox 763 1051 814 1113; x_wconf 89' lang='lat' dir='ltr'>de-</span> <span class='ocrx_word' id='word_1_62' title='bbox 852 1070 900 1114; x_wconf 92' lang='lat' dir='ltr'>res</span> <span class='ocrx_word' id='word_1_63' title='bbox 931 1055 1095 1115; x_wconf 87' lang='lat' dir='ltr'>sententias</span> <span class='ocrx_word' id='word_1_64' title='bbox 1117 1055 1147 1114; x_wconf 89' lang='lat' dir='ltr'>in</span> <span class='ocrx_word' id='word_1_65' title='bbox 1168 1055 1224 1116; x_wconf 86' lang='lat' dir='ltr'>hac</span> <span class='ocrx_word' id='word_1_66' title='bbox 1243 1056 1457 1136; x_wconf 84' lang='lat' dir='ltr'>disquisitione</span> 
     </span>
     <span class='ocr_line' id='line_1_8' title="bbox 195 1136 1459 1222; baseline -0.002 -17"><span class='ocrx_word' id='word_1_67' title='bbox 195 1147 348 1217; x_wconf 85' lang='lat' dir='ltr'>beamus,</span> <span class='ocrx_word' id='word_1_68' title='bbox 363 1147 392 1201; x_wconf 89' lang='lat' dir='ltr'>et</span> <span class='ocrx_word' id='word_1_69' title='bbox 406 1138 529 1218; x_wconf 87' lang='lat' dir='ltr'>quinam</span> <span class='ocrx_word' id='word_1_70' title='bbox 545 1155 612 1198; x_wconf 91' lang='lat' dir='ltr'>esse</span> <span class='ocrx_word' id='word_1_71' title='bbox 625 1144 709 1198; x_wconf 90' lang='lat' dir='ltr'>actus</span> <span class='ocrx_word' id='word_1_72' title='bbox 725 1153 814 1216; x_wconf 91' lang='lat' dir='ltr'>opor·</span> <span class='ocrx_word' id='word_1_73' title='bbox 852 1136 965 1198; x_wconf 87' lang='lat' dir='ltr'>abeunt</span> <span class='ocrx_word' id='word_1_74' title='bbox 984 1138 1112 1214; x_wconf 77' lang='lat' dir='ltr'>theologi</span> <span class='ocrx_word' id='word_1_75' title='bbox 1135 1140 1286 1201; x_wconf 83' lang='lat' dir='ltr'>catholici.</span> <span class='ocrx_word' id='word_1_76' title='bbox 1319 1139 1378 1202; x_wconf 83' lang='lat' dir='ltr'>Res</span> <span class='ocrx_word' id='word_1_77' title='bbox 1406 1159 1459 1222; x_wconf 88' lang='lat' dir='ltr'>per</span> 
     </span>
     <span class='ocr_line' id='line_1_9' title="bbox 198 1221 1459 1305; baseline 0 -18"><span class='ocrx_word' id='word_1_78' title='bbox 198 1235 268 1290; x_wconf 88' lang='lat' dir='ltr'>teat</span> <span class='ocrx_word' id='word_1_79' title='bbox 287 1272 295 1299; x_wconf 90' lang='lat'>,</span> <span class='ocrx_word' id='word_1_80' title='bbox 321 1242 382 1305; x_wconf 90' lang='lat' dir='ltr'>quo</span> <span class='ocrx_word' id='word_1_81' title='bbox 401 1241 455 1283; x_wconf 92' lang='lat' dir='ltr'>nos</span> <span class='ocrx_word' id='word_1_82' title='bbox 473 1231 503 1283; x_wconf 90' lang='lat' dir='ltr'>et</span> <span class='ocrx_word' id='word_1_83' title='bbox 526 1221 693 1302; x_wconf 85' lang='lat' dir='ltr'>proximum</span> <span class='ocrx_word' id='word_1_84' title='bbox 710 1229 813 1281; x_wconf 87' lang='lat' dir='ltr'>amore</span> <span class='ocrx_word' id='word_1_85' title='bbox 852 1239 885 1283; x_wconf 94' lang='lat' dir='ltr'>se</span> <span class='ocrx_word' id='word_1_86' title='bbox 904 1222 984 1302; x_wconf 87' lang='lat' dir='ltr'>parri</span> <span class='ocrx_word' id='word_1_87' title='bbox 1010 1224 1152 1284; x_wconf 89' lang='lat' dir='ltr'>momenti</span> <span class='ocrx_word' id='word_1_88' title='bbox 1170 1224 1333 1301; x_wconf 82' lang='lat' dir='ltr'>rideretur,</span> <span class='ocrx_word' id='word_1_89' title='bbox 1353 1226 1379 1286; x_wconf 92' lang='lat' dir='ltr'>si</span> <span class='ocrx_word' id='word_1_90' title='bbox 1396 1234 1459 1288; x_wconf 92' lang='lat' dir='ltr'>tota</span> 
     </span>
     <span class='ocr_line' id='line_1_10' title="bbox 196 1305 1459 1392; baseline 0 -20"><span class='ocrx_word' id='word_1_91' title='bbox 196 1309 528 1392; x_wconf 90' lang='lat' dir='ltr'>prosequiteneamur,</span> <span class='ocrx_word' id='word_1_92' title='bbox 542 1314 647 1387; x_wconf 88' lang='lat' dir='ltr'>utpute</span> <span class='ocrx_word' id='word_1_93' title='bbox 659 1305 812 1366; x_wconf 86' lang='lat' dir='ltr'>obiectum</span> <span class='ocrx_word' id='word_1_94' title='bbox 852 1305 1029 1387; x_wconf 83' lang='lat' dir='ltr'>disceptatio</span> <span class='ocrx_word' id='word_1_95' title='bbox 1047 1307 1095 1368; x_wconf 90' lang='lat' dir='ltr'>hic</span> <span class='ocrx_word' id='word_1_96' title='bbox 1118 1309 1252 1381; x_wconf 88' lang='lat' dir='ltr'>sisteret;</span> <span class='ocrx_word' id='word_1_97' title='bbox 1266 1318 1310 1371; x_wconf 90' lang='lat' dir='ltr'>ast</span> <span class='ocrx_word' id='word_1_98' title='bbox 1328 1313 1459 1372; x_wconf 86' lang='lat' dir='ltr'>maxime</span> 
     </span>
     <span class='ocr_line' id='line_1_11' title="bbox 197 1389 1459 1474; baseline -0.001 -18"><span class='ocrx_word' id='word_1_99' title='bbox 197 1392 423 1457; x_wconf 89' lang='lat' dir='ltr'>secundarium</span> <span class='ocrx_word' id='word_1_100' title='bbox 434 1390 568 1452; x_wconf 88' lang='lat' dir='ltr'>caritatis</span> <span class='ocrx_word' id='word_1_101' title='bbox 579 1389 752 1451; x_wconf 91' lang='lat' dir='ltr'>distinctum</span> <span class='ocrx_word' id='word_1_102' title='bbox 773 1390 812 1450; x_wconf 91' lang='lat' dir='ltr'>ab</span> <span class='ocrx_word' id='word_1_103' title='bbox 852 1390 978 1453; x_wconf 91' lang='lat' dir='ltr'>interest</span> <span class='ocrx_word' id='word_1_104' title='bbox 995 1391 1034 1452; x_wconf 91' lang='lat' dir='ltr'>ob</span> <span class='ocrx_word' id='word_1_105' title='bbox 1050 1395 1290 1471; x_wconf 85' lang='lat' dir='ltr'>consecutiones,</span> <span class='ocrx_word' id='word_1_106' title='bbox 1311 1413 1390 1474; x_wconf 91' lang='lat' dir='ltr'>quae</span> <span class='ocrx_word' id='word_1_107' title='bbox 1410 1414 1459 1455; x_wconf 83' lang='lat' dir='ltr'>ex-</span> 
     </span>
     <span class='ocr_line' id='line_1_12' title="bbox 198 1473 1459 1559; baseline 0 -19"><span class='ocrx_word' id='word_1_108' title='bbox 198 1480 331 1541; x_wconf 88' lang='lat' dir='ltr'>obiecto</span> <span class='ocrx_word' id='word_1_109' title='bbox 349 1475 511 1559; x_wconf 87' lang='lat' dir='ltr'>primario,</span> <span class='ocrx_word' id='word_1_110' title='bbox 535 1473 614 1556; x_wconf 94' lang='lat' dir='ltr'>quod</span> <span class='ocrx_word' id='word_1_111' title='bbox 632 1473 712 1536; x_wconf 87' lang='lat' dir='ltr'>Deus</span> <span class='ocrx_word' id='word_1_112' title='bbox 729 1473 813 1535; x_wconf 91' lang='lat' dir='ltr'>solus</span> <span class='ocrx_word' id='word_1_113' title='bbox 852 1474 922 1537; x_wconf 91' lang='lat' dir='ltr'>inde</span> <span class='ocrx_word' id='word_1_114' title='bbox 942 1475 1107 1553; x_wconf 85' lang='lat' dir='ltr'>dimanant,</span> <span class='ocrx_word' id='word_1_115' title='bbox 1128 1473 1218 1558; x_wconf 87' lang='lat' dir='ltr'>alque</span> <span class='ocrx_word' id='word_1_116' title='bbox 1237 1479 1276 1540; x_wconf 90' lang='lat' dir='ltr'>ob</span> <span class='ocrx_word' id='word_1_117' title='bbox 1293 1479 1459 1540; x_wconf 86' lang='lat' dir='ltr'>connexio·</span> 
     </span>
     <span class='ocr_line' id='line_1_13' title="bbox 198 1561 1461 1641; baseline -0.002 -15"><span class='ocrx_word' id='word_1_118' title='bbox 198 1574 266 1628; x_wconf 87' lang='lat' dir='ltr'>cst.</span> <span class='ocrx_word' id='word_1_119' title='bbox 853 1579 935 1637; x_wconf 89' lang='lat' dir='ltr'>nem,</span> <span class='ocrx_word' id='word_1_120' title='bbox 950 1579 1041 1641; x_wconf 94' lang='lat' dir='ltr'>quam</span> <span class='ocrx_word' id='word_1_121' title='bbox 1055 1561 1145 1622; x_wconf 87' lang='lat' dir='ltr'>habet</span> <span class='ocrx_word' id='word_1_122' title='bbox 1165 1564 1238 1624; x_wconf 78' lang='lat' dir='ltr'>liaeo</span> <span class='ocrx_word' id='word_1_123' title='bbox 1254 1564 1461 1624; x_wconf 80' lang='lat' dir='ltr'>controversia</span> 
     </span>
     <span class='ocr_line' id='line_1_14' title="bbox 248 1641 1460 1722; baseline -0.002 -12"><span class='ocrx_word' id='word_1_124' title='bbox 248 1649 307 1710; x_wconf 80' lang='lat'>78.</span> <span class='ocrx_word' id='word_1_125' title='bbox 322 1643 425 1717; x_wconf 85' lang='lat' dir='ltr'>Quoad</span> <span class='ocrx_word' id='word_1_126' title='bbox 443 1651 541 1706; x_wconf 88' lang='lat' dir='ltr'>actum</span> <span class='ocrx_word' id='word_1_127' title='bbox 559 1661 629 1705; x_wconf 80' lang='lat' dir='ltr'>uero</span> <span class='ocrx_word' id='word_1_128' title='bbox 650 1661 711 1722; x_wconf 92' lang='lat' dir='ltr'>quo</span> <span class='ocrx_word' id='word_1_129' title='bbox 734 1641 813 1704; x_wconf 82' lang='lat' dir='ltr'>Deus</span> <span class='ocrx_word' id='word_1_130' title='bbox 854 1663 922 1705; x_wconf 91' lang='lat' dir='ltr'>cum</span> <span class='ocrx_word' id='word_1_131' title='bbox 963 1646 1144 1707; x_wconf 89' lang='lat' dir='ltr'>contritione</span> <span class='ocrx_word' id='word_1_132' title='bbox 1175 1656 1205 1708; x_wconf 90' lang='lat' dir='ltr'>ct</span> <span class='ocrx_word' id='word_1_133' title='bbox 1237 1648 1392 1709; x_wconf 86' lang='lat' dir='ltr'>attritione</span> <span class='ocrx_word' id='word_1_134' title='bbox 1429 1649 1460 1708; x_wconf 91' lang='lat' dir='ltr'>in</span> 
     </span>
     <span class='ocr_line' id='line_1_15' title="bbox 199 1727 1458 1809; baseline -0.002 -15"><span class='ocrx_word' id='word_1_135' title='bbox 199 1731 382 1809; x_wconf 86' lang='lat' dir='ltr'>diligendus</span> <span class='ocrx_word' id='word_1_136' title='bbox 410 1737 475 1806; x_wconf 87' lang='lat' dir='ltr'>est,</span> <span class='ocrx_word' id='word_1_137' title='bbox 496 1727 721 1809; x_wconf 82' lang='lat' dir='ltr'>expendendum</span> <span class='ocrx_word' id='word_1_138' title='bbox 742 1736 810 1804; x_wconf 90' lang='lat' dir='ltr'>est,</span> <span class='ocrx_word' id='word_1_139' title='bbox 854 1729 960 1791; x_wconf 92' lang='lat' dir='ltr'>ordine</span> <span class='ocrx_word' id='word_1_140' title='bbox 982 1730 1019 1790; x_wconf 90' lang='lat' dir='ltr'>ad</span> <span class='ocrx_word' id='word_1_141' title='bbox 1034 1729 1277 1793; x_wconf 83' lang='lat' dir='ltr'>iustificationem</span> <span class='ocrx_word' id='word_1_142' title='bbox 1295 1733 1356 1793; x_wconf 87' lang='lat' dir='ltr'>sive</span> <span class='ocrx_word' id='word_1_143' title='bbox 1376 1752 1458 1809; x_wconf 87' lang='lat' dir='ltr'>cum,</span> 
     </span>
     <span class='ocr_line' id='line_1_16' title="bbox 200 1810 1461 1900; baseline -0.002 -20"><span class='ocrx_word' id='word_1_144' title='bbox 200 1810 815 1900; x_wconf 87' lang='lat' dir='ltr'>quodnamessentialecoustitutivumsit</span> <span class='ocrx_word' id='word_1_145' title='bbox 854 1813 916 1876; x_wconf 88' lang='lat' dir='ltr'>sive</span> <span class='ocrx_word' id='word_1_146' title='bbox 945 1814 1011 1875; x_wconf 90' lang='lat' dir='ltr'>sine</span> <span class='ocrx_word' id='word_1_147' title='bbox 1050 1815 1160 1876; x_wconf 88' lang='lat' dir='ltr'>actuali</span> <span class='ocrx_word' id='word_1_148' title='bbox 1201 1827 1461 1878; x_wconf 89' lang='lat' dir='ltr'>sacramentorum</span> 
     </span>
     <span class='ocr_line' id='line_1_17' title="bbox 200 1895 1460 1980; baseline -0.001 -18"><span class='ocrx_word' id='word_1_149' title='bbox 200 1911 237 1963; x_wconf 93' lang='lat' dir='ltr'>ut</span> <span class='ocrx_word' id='word_1_150' title='bbox 268 1919 340 1962; x_wconf 86' lang='lat' dir='ltr'>rere</span> <span class='ocrx_word' id='word_1_151' title='bbox 365 1899 422 1960; x_wconf 90' lang='lat' dir='ltr'>dici</span> <span class='ocrx_word' id='word_1_152' title='bbox 440 1899 534 1979; x_wconf 90' lang='lat' dir='ltr'>possit</span> <span class='ocrx_word' id='word_1_153' title='bbox 555 1905 639 1959; x_wconf 90' lang='lat' dir='ltr'>actus</span> <span class='ocrx_word' id='word_1_154' title='bbox 667 1895 811 1971; x_wconf 74' lang='lat' dir='ltr'>recitatio,</span> <span class='ocrx_word' id='word_1_155' title='bbox 856 1897 997 1978; x_wconf 86' lang='lat' dir='ltr'>baptismi</span> <span class='ocrx_word' id='word_1_156' title='bbox 1038 1906 1069 1960; x_wconf 85' lang='lat' dir='ltr'>el</span> <span class='ocrx_word' id='word_1_157' title='bbox 1117 1901 1321 1980; x_wconf 90' lang='lat' dir='ltr'>poenitentiae</span> <span class='ocrx_word' id='word_1_158' title='bbox 1355 1919 1460 1962; x_wconf 89' lang='lat' dir='ltr'>susce-</span> 
     </span>
     <span class='ocr_line' id='line_1_18' title="bbox 201 1981 970 2067; baseline -0.008 -18"><span class='ocrx_word' id='word_1_159' title='bbox 201 1996 303 2067; x_wconf 86' lang='lat' dir='ltr'>atque</span> <span class='ocrx_word' id='word_1_160' title='bbox 327 1983 516 2046; x_wconf 90' lang='lat' dir='ltr'>statuendum</span> <span class='ocrx_word' id='word_1_161' title='bbox 547 1990 604 2057; x_wconf 89' lang='lat' dir='ltr'>est,</span> <span class='ocrx_word' id='word_1_162' title='bbox 626 1981 657 2041; x_wconf 94' lang='lat' dir='ltr'>iu</span> <span class='ocrx_word' id='word_1_163' title='bbox 683 1999 813 2060; x_wconf 90' lang='lat' dir='ltr'>quonam</span> <span class='ocrx_word' id='word_1_164' title='bbox 855 1982 970 2063; x_wconf 88' lang='lat' dir='ltr'>ptione.</span> 
     </span>
     <span class='ocr_line' id='line_1_19' title="bbox 202 2065 1461 2150; baseline -0.002 -18"><span class='ocrx_word' id='word_1_165' title='bbox 202 2081 297 2132; x_wconf 89' lang='lat' dir='ltr'>actus</span> <span class='ocrx_word' id='word_1_166' title='bbox 317 2069 465 2150; x_wconf 81' lang='lat' dir='ltr'>perfectae</span> <span class='ocrx_word' id='word_1_167' title='bbox 484 2065 816 2148; x_wconf 86' lang='lat' dir='ltr'>etimperlectaeoari·</span> <span class='ocrx_word' id='word_1_168' title='bbox 898 2069 950 2127; x_wconf 87' lang='lat'>83.</span> <span class='ocrx_word' id='word_1_169' title='bbox 984 2065 1045 2128; x_wconf 86' lang='lat' dir='ltr'>Hac</span> <span class='ocrx_word' id='word_1_170' title='bbox 1063 2067 1100 2129; x_wconf 93' lang='lat' dir='ltr'>de</span> <span class='ocrx_word' id='word_1_171' title='bbox 1137 2085 1229 2128; x_wconf 90' lang='lat' dir='ltr'>causa</span> <span class='ocrx_word' id='word_1_172' title='bbox 1259 2069 1401 2130; x_wconf 87' lang='lat' dir='ltr'>constitui</span> <span class='ocrx_word' id='word_1_173' title='bbox 1430 2069 1461 2130; x_wconf 87' lang='lat' dir='ltr'>in</span> 
     </span>
     <span class='ocr_line' id='line_1_20' title="bbox 203 2149 1462 2232; baseline -0.002 -15"><span class='ocrx_word' id='word_1_174' title='bbox 203 2155 283 2217; x_wconf 89' lang='lat' dir='ltr'>tatis</span> <span class='ocrx_word' id='word_1_175' title='bbox 302 2154 381 2229; x_wconf 79' lang='lat' dir='ltr'>inter</span> <span class='ocrx_word' id='word_1_176' title='bbox 398 2172 430 2214; x_wconf 94' lang='lat' dir='ltr'>se</span> <span class='ocrx_word' id='word_1_177' title='bbox 448 2152 598 2212; x_wconf 86' lang='lat' dir='ltr'>dilleranl.</span> <span class='ocrx_word' id='word_1_178' title='bbox 855 2149 985 2232; x_wconf 84' lang='lat' dir='ltr'>implexa</span> <span class='ocrx_word' id='word_1_179' title='bbox 1016 2153 1071 2212; x_wconf 87' lang='lat' dir='ltr'>hac</span> <span class='ocrx_word' id='word_1_180' title='bbox 1105 2151 1282 2232; x_wconf 86' lang='lat' dir='ltr'>quaestione</span> <span class='ocrx_word' id='word_1_181' title='bbox 1319 2154 1462 2215; x_wconf 86' lang='lat' dir='ltr'>exltibere</span> 
     </span>
     <span class='ocr_line' id='line_1_21' title="bbox 256 2231 1461 2317; baseline -0.003 -16"><span class='ocrx_word' id='word_1_182' title='bbox 256 2241 309 2302; x_wconf 81' lang='grc' dir='ltr'><strong><em>ιιι.</em></strong></span> <span class='ocrx_word' id='word_1_183' title='bbox 329 2236 433 2308; x_wconf 86' lang='lat' dir='ltr'>Quoad</span> <span class='ocrx_word' id='word_1_184' title='bbox 454 2245 539 2297; x_wconf 89' lang='lat' dir='ltr'>actus</span> <span class='ocrx_word' id='word_1_185' title='bbox 556 2244 655 2297; x_wconf 90' lang='lat' dir='ltr'>autem</span> <span class='ocrx_word' id='word_1_186' title='bbox 682 2231 816 2295; x_wconf 90' lang='lat' dir='ltr'>caritatis</span> <span class='ocrx_word' id='word_1_187' title='bbox 856 2254 891 2296; x_wconf 93' lang='lat' dir='ltr'>ac</span> <span class='ocrx_word' id='word_1_188' title='bbox 913 2235 1007 2297; x_wconf 87' lang='lat' dir='ltr'>veluti</span> <span class='ocrx_word' id='word_1_189' title='bbox 1026 2236 1083 2296; x_wconf 90' lang='lat' dir='ltr'>sub</span> <span class='ocrx_word' id='word_1_190' title='bbox 1103 2237 1207 2297; x_wconf 94' lang='lat' dir='ltr'>oculos</span> <span class='ocrx_word' id='word_1_191' title='bbox 1228 2256 1339 2317; x_wconf 82' lang='lat' dir='ltr'>ponere</span> <span class='ocrx_word' id='word_1_192' title='bbox 1360 2240 1461 2298; x_wconf 90' lang='lat' dir='ltr'>notio-</span> 
     </span>
     <span class='ocr_line' id='line_1_22' title="bbox 204 2319 1462 2403; baseline -0.002 -17"><span class='ocrx_word' id='word_1_193' title='bbox 204 2343 283 2401; x_wconf 88' lang='lat' dir='ltr'>erga</span> <span class='ocrx_word' id='word_1_194' title='bbox 303 2341 359 2384; x_wconf 92' lang='lat' dir='ltr'>nos</span> <span class='ocrx_word' id='word_1_195' title='bbox 373 2330 403 2382; x_wconf 90' lang='lat' dir='ltr'>et</span> <span class='ocrx_word' id='word_1_196' title='bbox 424 2321 590 2402; x_wconf 85' lang='lat' dir='ltr'>proximum</span> <span class='ocrx_word' id='word_1_197' title='bbox 607 2319 718 2399; x_wconf 88' lang='lat' dir='ltr'>inquiri</span> <span class='ocrx_word' id='word_1_198' title='bbox 732 2336 818 2399; x_wconf 89' lang='lat' dir='ltr'>prae·</span> <span class='ocrx_word' id='word_1_199' title='bbox 858 2339 922 2398; x_wconf 91' lang='lat' dir='ltr'>nes,</span> <span class='ocrx_word' id='word_1_200' title='bbox 943 2320 1043 2401; x_wconf 90' lang='lat' dir='ltr'>quoad</span> <span class='ocrx_word' id='word_1_201' title='bbox 1058 2321 1123 2382; x_wconf 93' lang='lat' dir='ltr'>eius</span> <span class='ocrx_word' id='word_1_202' title='bbox 1143 2321 1207 2382; x_wconf 85' lang='lat' dir='ltr'>lieri</span> <span class='ocrx_word' id='word_1_203' title='bbox 1228 2322 1336 2403; x_wconf 91' lang='lat' dir='ltr'>potuit,</span> <span class='ocrx_word' id='word_1_204' title='bbox 1351 2323 1462 2403; x_wconf 89' lang='lat' dir='ltr'>perspi·</span> 
     </span>
     <span class='ocr_line' id='line_1_23' title="bbox 206 2402 1462 2487; baseline -0.002 -17"><span class='ocrx_word' id='word_1_205' title='bbox 206 2417 297 2470; x_wconf 88' lang='lat' dir='ltr'>terea</span> <span class='ocrx_word' id='word_1_206' title='bbox 315 2406 426 2482; x_wconf 87' lang='lat' dir='ltr'>debet,</span> <span class='ocrx_word' id='word_1_207' title='bbox 447 2424 485 2466; x_wconf 93' lang='lat' dir='ltr'>an</span> <span class='ocrx_word' id='word_1_208' title='bbox 505 2413 535 2466; x_wconf 87' lang='lat' dir='ltr'>et</span> <span class='ocrx_word' id='word_1_209' title='bbox 556 2423 616 2485; x_wconf 92' lang='lat' dir='ltr'>quo</span> <span class='ocrx_word' id='word_1_210' title='bbox 639 2402 743 2464; x_wconf 89' lang='lat' dir='ltr'>ordine</span> <span class='ocrx_word' id='word_1_211' title='bbox 763 2421 817 2463; x_wconf 91' lang='lat' dir='ltr'>nos</span> <span class='ocrx_word' id='word_1_212' title='bbox 856 2423 929 2466; x_wconf 92' lang='lat' dir='ltr'>cuas</span> <span class='ocrx_word' id='word_1_213' title='bbox 942 2415 1004 2466; x_wconf 86' lang='lat' dir='ltr'>tum</span> <span class='ocrx_word' id='word_1_214' title='bbox 1020 2408 1227 2486; x_wconf 87' lang='lat' dir='ltr'>acceptionum</span> <span class='ocrx_word' id='word_1_215' title='bbox 1249 2408 1462 2487; x_wconf 75' lang='lat' dir='ltr'>multiplicium</span> 
     </span>
     <span class='ocr_line' id='line_1_24' title="bbox 207 2488 1462 2568; baseline -0.002 -13"><span class='ocrx_word' id='word_1_216' title='bbox 207 2502 243 2555; x_wconf 87' lang='lat' dir='ltr'>et</span> <span class='ocrx_word' id='word_1_217' title='bbox 262 2502 381 2554; x_wconf 86' lang='lat' dir='ltr'>ceteros</span> <span class='ocrx_word' id='word_1_218' title='bbox 399 2509 500 2552; x_wconf 89' lang='lat' dir='ltr'>amare</span> <span class='ocrx_word' id='word_1_219' title='bbox 519 2488 751 2564; x_wconf 83' lang='lat' dir='ltr'>obstringamur.</span> <span class='ocrx_word' id='word_1_220' title='bbox 856 2490 990 2551; x_wconf 88' lang='lat' dir='ltr'>caritatis</span> <span class='ocrx_word' id='word_1_221' title='bbox 1027 2491 1152 2552; x_wconf 87' lang='lat' dir='ltr'>actualis</span> <span class='ocrx_word' id='word_1_222' title='bbox 1181 2492 1370 2568; x_wconf 83' lang='lat' dir='ltr'>generatim,</span> <span class='ocrx_word' id='word_1_223' title='bbox 1400 2501 1462 2553; x_wconf 89' lang='lat' dir='ltr'>tum</span> 
     </span>
     <span class='ocr_line' id='line_1_25' title="bbox 257 2570 1463 2656; baseline -0.001 -18"><span class='ocrx_word' id='word_1_224' title='bbox 257 2579 310 2638; x_wconf 85' lang='lat'>80.</span> <span class='ocrx_word' id='word_1_225' title='bbox 331 2574 389 2637; x_wconf 89' lang='lat' dir='ltr'>Sed</span> <span class='ocrx_word' id='word_1_226' title='bbox 407 2593 474 2636; x_wconf 91' lang='lat' dir='ltr'>cum</span> <span class='ocrx_word' id='word_1_227' title='bbox 495 2574 567 2635; x_wconf 91' lang='lat' dir='ltr'>satis</span> <span class='ocrx_word' id='word_1_228' title='bbox 585 2572 707 2654; x_wconf 91' lang='lat' dir='ltr'>copiosa</span> <span class='ocrx_word' id='word_1_229' title='bbox 725 2570 818 2632; x_wconf 89' lang='lat' dir='ltr'>disse·</span> <span class='ocrx_word' id='word_1_230' title='bbox 858 2573 1059 2635; x_wconf 88' lang='lat' dir='ltr'>distinctionis</span> <span class='ocrx_word' id='word_1_231' title='bbox 1087 2575 1245 2656; x_wconf 83' lang='lat' dir='ltr'>specificae</span> <span class='ocrx_word' id='word_1_232' title='bbox 1272 2577 1406 2637; x_wconf 90' lang='lat' dir='ltr'>eiusdem</span> <span class='ocrx_word' id='word_1_233' title='bbox 1427 2597 1463 2637; x_wconf 90' lang='lat' dir='ltr'>a·</span> 
     </span>
     <span class='ocr_line' id='line_1_26' title="bbox 208 2659 1464 2739; baseline -0.001 -17"><span class='ocrx_word' id='word_1_234' title='bbox 208 2661 301 2723; x_wconf 87' lang='lat' dir='ltr'>rendi</span> <span class='ocrx_word' id='word_1_235' title='bbox 325 2659 431 2722; x_wconf 86' lang='lat' dir='ltr'>exinde</span> <span class='ocrx_word' id='word_1_236' title='bbox 450 2677 535 2736; x_wconf 86' lang='lat' dir='ltr'>seges</span> <span class='ocrx_word' id='word_1_237' title='bbox 554 2665 676 2734; x_wconf 79' lang='lat' dir='ltr'>exurgat</span> <span class='ocrx_word' id='word_1_238' title='bbox 694 2703 702 2734; x_wconf 92' lang='lat'><strong>‚</strong></span> <span class='ocrx_word' id='word_1_239' title='bbox 719 2675 756 2717; x_wconf 92' lang='lat' dir='ltr'>ue</span> <span class='ocrx_word' id='word_1_240' title='bbox 782 2673 817 2716; x_wconf 85' lang='lat' dir='ltr'>aa</span> <span class='ocrx_word' id='word_1_241' title='bbox 858 2667 960 2720; x_wconf 89' lang='lat' dir='ltr'>ctuum</span> <span class='ocrx_word' id='word_1_242' title='bbox 981 2660 1114 2720; x_wconf 90' lang='lat' dir='ltr'>caritatis</span> <span class='ocrx_word' id='word_1_243' title='bbox 1129 2661 1210 2720; x_wconf 83' lang='lat' dir='ltr'>iuxta</span> <span class='ocrx_word' id='word_1_244' title='bbox 1223 2661 1330 2739; x_wconf 89' lang='lat' dir='ltr'>placita</span> <span class='ocrx_word' id='word_1_245' title='bbox 1346 2662 1464 2721; x_wconf 85' lang='lat' dir='ltr'>theolo-</span> 
     </span>
     <span class='ocr_line' id='line_1_27' title="bbox 211 2741 1464 2824; baseline -0.002 -17"><span class='ocrx_word' id='word_1_246' title='bbox 211 2746 399 2821; x_wconf 91' lang='lat' dir='ltr'>obruamur,</span> <span class='ocrx_word' id='word_1_247' title='bbox 426 2751 517 2824; x_wconf 89' lang='lat' dir='ltr'>atque</span> <span class='ocrx_word' id='word_1_248' title='bbox 546 2753 579 2803; x_wconf 89' lang='lat' dir='ltr'>ut</span> <span class='ocrx_word' id='word_1_249' title='bbox 596 2741 723 2802; x_wconf 87' lang='lat' dir='ltr'>claritati</span> <span class='ocrx_word' id='word_1_250' title='bbox 746 2758 817 2822; x_wconf 91' lang='lat' dir='ltr'>pro·</span> <span class='ocrx_word' id='word_1_251' title='bbox 858 2761 977 2819; x_wconf 85' lang='lat' dir='ltr'>gorum,</span> <span class='ocrx_word' id='word_1_252' title='bbox 990 2751 1023 2803; x_wconf 92' lang='lat' dir='ltr'>ut</span> <span class='ocrx_word' id='word_1_253' title='bbox 1036 2744 1166 2804; x_wconf 90' lang='lat' dir='ltr'>indidem</span> <span class='ocrx_word' id='word_1_254' title='bbox 1183 2744 1348 2803; x_wconf 79' lang='lat' dir='ltr'>inieramus</span> <span class='ocrx_word' id='word_1_255' title='bbox 1364 2747 1464 2804; x_wconf 88' lang='lat' dir='ltr'>corul-</span> 
     </span>
     <span class='ocr_line' id='line_1_28' title="bbox 211 2825 1464 2912; baseline -0.002 -21"><span class='ocrx_word' id='word_1_256' title='bbox 211 2831 401 2912; x_wconf 89' lang='lat' dir='ltr'>spiciamus,</span> <span class='ocrx_word' id='word_1_257' title='bbox 424 2827 583 2888; x_wconf 90' lang='lat' dir='ltr'>consilium</span> <span class='ocrx_word' id='word_1_258' title='bbox 604 2825 690 2886; x_wconf 91' lang='lat' dir='ltr'>nobis</span> <span class='ocrx_word' id='word_1_259' title='bbox 706 2833 750 2885; x_wconf 92' lang='lat' dir='ltr'>est</span> <span class='ocrx_word' id='word_1_260' title='bbox 770 2825 818 2884; x_wconf 89' lang='lat' dir='ltr'>hic</span> <span class='ocrx_word' id='word_1_261' title='bbox 859 2827 946 2902; x_wconf 90' lang='lat' dir='ltr'>laria,</span> <span class='ocrx_word' id='word_1_262' title='bbox 968 2846 1046 2907; x_wconf 93' lang='lat' dir='ltr'>quae</span> <span class='ocrx_word' id='word_1_263' title='bbox 1065 2837 1171 2908; x_wconf 89' lang='lat' dir='ltr'>sponte</span> <span class='ocrx_word' id='word_1_264' title='bbox 1191 2827 1281 2888; x_wconf 88' lang='lat' dir='ltr'>veluti</span> <span class='ocrx_word' id='word_1_265' title='bbox 1301 2847 1356 2889; x_wconf 91' lang='lat' dir='ltr'>sua</span> <span class='ocrx_word' id='word_1_266' title='bbox 1378 2829 1464 2888; x_wconf 88' lang='lat' dir='ltr'>elllo·</span> 
     </span>
     <span class='ocr_line' id='line_1_29' title="bbox 212 2907 993 2986; baseline -0.006 -10"><span class='ocrx_word' id='word_1_267' title='bbox 212 2923 334 2976; x_wconf 87' lang='lat' dir='ltr'>tautum</span> <span class='ocrx_word' id='word_1_268' title='bbox 358 2913 395 2976; x_wconf 90' lang='lat' dir='ltr'>de</span> <span class='ocrx_word' id='word_1_269' title='bbox 408 2923 475 2974; x_wconf 90' lang='lat' dir='ltr'>actu</span> <span class='ocrx_word' id='word_1_270' title='bbox 492 2911 625 2973; x_wconf 88' lang='lat' dir='ltr'>caritatis</span> <span class='ocrx_word' id='word_1_271' title='bbox 641 2927 710 2986; x_wconf 84' lang='lat' dir='ltr'>erga</span> <span class='ocrx_word' id='word_1_272' title='bbox 724 2907 817 2970; x_wconf 86' lang='lat' dir='ltr'>Deum</span> <span class='ocrx_word' id='word_1_273' title='bbox 859 2920 993 2971; x_wconf 88' lang='lat' dir='ltr'>rescunt.</span> 
     </span>
     <span class='ocr_line' id='line_1_30' title="bbox 213 2993 1465 3076; baseline 0 -18"><span class='ocrx_word' id='word_1_274' title='bbox 213 2999 380 3060; x_wconf 90' lang='lat' dir='ltr'>disserere.</span> <span class='ocrx_word' id='word_1_275' title='bbox 397 2997 468 3059; x_wconf 86' lang='lat' dir='ltr'>Nam</span> <span class='ocrx_word' id='word_1_276' title='bbox 502 2995 602 3076; x_wconf 91' lang='lat' dir='ltr'>quoad</span> <span class='ocrx_word' id='word_1_277' title='bbox 620 3004 718 3056; x_wconf 90' lang='lat' dir='ltr'>actum</span> <span class='ocrx_word' id='word_1_278' title='bbox 738 2993 818 3054; x_wconf 89' lang='lat' dir='ltr'>cari·</span> <span class='ocrx_word' id='word_1_279' title='bbox 902 2996 954 3055; x_wconf 81' lang='lat' dir='ltr'>st.</span> <span class='ocrx_word' id='word_1_280' title='bbox 975 2994 1067 3072; x_wconf 75' lang='lat' dir='ltr'>igitur</span> <span class='ocrx_word' id='word_1_281' title='bbox 1082 2994 1191 3056; x_wconf 89' lang='lat' dir='ltr'>caritas</span> <span class='ocrx_word' id='word_1_282' title='bbox 1203 2995 1340 3070; x_wconf 88' lang='lat' dir='ltr'>actualis,</span> <span class='ocrx_word' id='word_1_283' title='bbox 1355 2996 1392 3057; x_wconf 89' lang='lat' dir='ltr'>de</span> <span class='ocrx_word' id='word_1_284' title='bbox 1405 3016 1465 3076; x_wconf 88' lang='lat' dir='ltr'>qua</span> 
     </span>
     <span class='ocr_line' id='line_1_31' title="bbox 214 3079 1465 3162; baseline -0.002 -18"><span class='ocrx_word' id='word_1_285' title='bbox 214 3083 287 3144; x_wconf 93' lang='lat' dir='ltr'>tatis</span> <span class='ocrx_word' id='word_1_286' title='bbox 305 3101 376 3159; x_wconf 83' lang='lat' dir='ltr'>erga</span> <span class='ocrx_word' id='word_1_287' title='bbox 395 3101 427 3143; x_wconf 94' lang='lat' dir='ltr'>se</span> <span class='ocrx_word' id='word_1_288' title='bbox 449 3089 478 3142; x_wconf 87' lang='lat' dir='ltr'>et</span> <span class='ocrx_word' id='word_1_289' title='bbox 496 3098 566 3156; x_wconf 83' lang='lat' dir='ltr'>erga</span> <span class='ocrx_word' id='word_1_290' title='bbox 580 3079 761 3162; x_wconf 85' lang='lat' dir='ltr'>proximum,</span> <span class='ocrx_word' id='word_1_291' title='bbox 781 3097 818 3139; x_wconf 92' lang='lat' dir='ltr'>ne</span> <span class='ocrx_word' id='word_1_292' title='bbox 860 3079 1048 3157; x_wconf 84' lang='lat' dir='ltr'>disserimus,</span> <span class='ocrx_word' id='word_1_293' title='bbox 1072 3089 1118 3141; x_wconf 87' lang='lat' dir='ltr'>est</span> <span class='ocrx_word' id='word_1_294' title='bbox 1135 3081 1229 3142; x_wconf 82' lang='lat' dir='ltr'>virtus</span> <span class='ocrx_word' id='word_1_295' title='bbox 1250 3081 1312 3153; x_wconf 91' lang='lat' dir='ltr'>illa,</span> <span class='ocrx_word' id='word_1_296' title='bbox 1334 3101 1391 3161; x_wconf 93' lang='lat' dir='ltr'>qua</span> <span class='ocrx_word' id='word_1_297' title='bbox 1411 3103 1465 3142; x_wconf 92' lang='lat' dir='ltr'>su-</span> 
     </span>
     <span class='ocr_line' id='line_1_32' title="bbox 213 3154 1463 3247; baseline -0.001 -19"><span class='ocrx_word' id='word_1_298' title='bbox 213 3168 252 3229; x_wconf 89' lang='lat' dir='ltr'>de</span> <span class='ocrx_word' id='word_1_299' title='bbox 270 3167 377 3228; x_wconf 88' lang='lat' dir='ltr'>eodem</span> <span class='ocrx_word' id='word_1_300' title='bbox 401 3173 575 3242; x_wconf 89' lang='lat' dir='ltr'>argumento</span> <span class='ocrx_word' id='word_1_301' title='bbox 604 3154 711 3224; x_wconf 88' lang='lat' dir='ltr'>iterum</span> <span class='ocrx_word' id='word_1_302' title='bbox 732 3167 819 3238; x_wconf 83' lang='lat' dir='ltr'>agere</span> <span class='ocrx_word' id='word_1_303' title='bbox 860 3165 1044 3244; x_wconf 90' lang='lat' dir='ltr'>pernaturali</span> <span class='ocrx_word' id='word_1_304' title='bbox 1075 3166 1223 3247; x_wconf 90' lang='lat' dir='ltr'>principio</span> <span class='ocrx_word' id='word_1_305' title='bbox 1241 3175 1271 3226; x_wconf 89' lang='lat' dir='ltr'>et</span> <span class='ocrx_word' id='word_1_306' title='bbox 1290 3169 1348 3226; x_wconf 87' lang='lat' dir='ltr'>line</span> <span class='ocrx_word' id='word_1_307' title='bbox 1373 3167 1463 3227; x_wconf 74' lang='lat' dir='ltr'>[leiim</span> 
     </span>
     <span class='ocr_line' id='line_1_33' title="bbox 214 3247 1464 3332; baseline 0 -20"><span class='ocrx_word' id='word_1_308' title='bbox 214 3252 395 3328; x_wconf 86' lang='lat' dir='ltr'>debeamus,</span> <span class='ocrx_word' id='word_1_309' title='bbox 415 3269 483 3311; x_wconf 94' lang='lat' dir='ltr'>cum</span> <span class='ocrx_word' id='word_1_310' title='bbox 516 3249 553 3310; x_wconf 90' lang='lat' dir='ltr'>de</span> <span class='ocrx_word' id='word_1_311' title='bbox 572 3267 608 3310; x_wconf 90' lang='lat' dir='ltr'>eo</span> <span class='ocrx_word' id='word_1_312' title='bbox 623 3247 821 3329; x_wconf 91' lang='lat' dir='ltr'>opportunior</span> <span class='ocrx_word' id='word_1_313' title='bbox 860 3249 1014 3326; x_wconf 87' lang='lat' dir='ltr'>diligimus</span> <span class='ocrx_word' id='word_1_314' title='bbox 1033 3260 1153 3331; x_wconf 88' lang='lat' dir='ltr'>propter</span> <span class='ocrx_word' id='word_1_315' title='bbox 1169 3269 1224 3329; x_wconf 89' lang='lat' dir='ltr'>se,</span> <span class='ocrx_word' id='word_1_316' title='bbox 1246 3260 1276 3312; x_wconf 90' lang='lat' dir='ltr'>et</span> <span class='ocrx_word' id='word_1_317' title='bbox 1296 3252 1464 3332; x_wconf 87' lang='lat' dir='ltr'>proximum</span> 
     </span>
     <span class='ocr_line' id='line_1_34' title="bbox 214 3331 1107 3415; baseline -0.002 -17"><span class='ocrx_word' id='word_1_318' title='bbox 214 3355 283 3398; x_wconf 87' lang='lat' dir='ltr'>sese</span> <span class='ocrx_word' id='word_1_319' title='bbox 303 3337 410 3398; x_wconf 87' lang='lat' dir='ltr'>ollerat</span> <span class='ocrx_word' id='word_1_320' title='bbox 427 3333 544 3396; x_wconf 85' lang='lat' dir='ltr'>dicendi</span> <span class='ocrx_word' id='word_1_321' title='bbox 569 3333 646 3394; x_wconf 91' lang='lat' dir='ltr'>ratio</span> <span class='ocrx_word' id='word_1_322' title='bbox 664 3378 672 3406; x_wconf 91' lang='lat'>,</span> <span class='ocrx_word' id='word_1_323' title='bbox 691 3351 759 3393; x_wconf 78' lang='lat' dir='ltr'>enim</span> <span class='ocrx_word' id='word_1_324' title='bbox 784 3331 820 3392; x_wconf 87' lang='lat' dir='ltr'>da</span> <span class='ocrx_word' id='word_1_325' title='bbox 861 3343 983 3415; x_wconf 89' lang='lat' dir='ltr'>propter</span> <span class='ocrx_word' id='word_1_326' title='bbox 1003 3335 1107 3396; x_wconf 87' lang='lat' dir='ltr'>[lenm.</span> 
     </span>
     <span class='ocr_line' id='line_1_35' title="bbox 215 3417 1466 3500; baseline -0.002 -18"><span class='ocrx_word' id='word_1_327' title='bbox 215 3421 397 3482; x_wconf 84' lang='lat' dir='ltr'>necessitate</span> <span class='ocrx_word' id='word_1_328' title='bbox 416 3428 446 3481; x_wconf 89' lang='lat' dir='ltr'>et</span> <span class='ocrx_word' id='word_1_329' title='bbox 464 3426 622 3500; x_wconf 83' lang='lat' dir='ltr'>praecepto</span> <span class='ocrx_word' id='word_1_330' title='bbox 637 3417 771 3478; x_wconf 89' lang='lat' dir='ltr'>caritatis</span> <span class='ocrx_word' id='word_1_331' title='bbox 786 3434 820 3476; x_wconf 87' lang='lat' dir='ltr'>ex</span> <span class='ocrx_word' id='word_1_332' title='bbox 904 3421 956 3480; x_wconf 82' lang='lat'>85.</span> <span class='ocrx_word' id='word_1_333' title='bbox 973 3420 1087 3482; x_wconf 84' lang='lat' dir='ltr'>Caritas</span> <span class='ocrx_word' id='word_1_334' title='bbox 1107 3420 1180 3480; x_wconf 77' lang='lat' dir='ltr'>llaec</span> <span class='ocrx_word' id='word_1_335' title='bbox 1190 3419 1328 3493; x_wconf 85' lang='lat' dir='ltr'>generice</span> <span class='ocrx_word' id='word_1_336' title='bbox 1348 3428 1466 3500; x_wconf 87' lang='lat' dir='ltr'>sumpta</span> 
     </span>
     <span class='ocr_line' id='line_1_36' title="bbox 214 3501 1464 3582; baseline -0.002 -17"><span class='ocrx_word' id='word_1_337' title='bbox 214 3505 356 3566; x_wconf 89' lang='lat' dir='ltr'>instituto</span> <span class='ocrx_word' id='word_1_338' title='bbox 371 3505 466 3566; x_wconf 83' lang='lat' dir='ltr'>aolrrri</span> <span class='ocrx_word' id='word_1_339' title='bbox 482 3521 598 3579; x_wconf 93' lang='lat' dir='ltr'>sumus,</span> <span class='ocrx_word' id='word_1_340' title='bbox 615 3501 726 3563; x_wconf 92' lang='lat' dir='ltr'>idcirco</span> <span class='ocrx_word' id='word_1_341' title='bbox 742 3519 821 3560; x_wconf 89' lang='lat' dir='ltr'>nunc</span> <span class='ocrx_word' id='word_1_342' title='bbox 861 3502 891 3562; x_wconf 93' lang='lat' dir='ltr'>in</span> <span class='ocrx_word' id='word_1_343' title='bbox 921 3503 1007 3579; x_wconf 91' lang='lat' dir='ltr'>duas,</span> <span class='ocrx_word' id='word_1_344' title='bbox 1037 3513 1070 3564; x_wconf 94' lang='lat' dir='ltr'>ut</span> <span class='ocrx_word' id='word_1_345' title='bbox 1088 3504 1261 3580; x_wconf 87' lang='lat' dir='ltr'>innuimus,</span> <span class='ocrx_word' id='word_1_346' title='bbox 1283 3505 1397 3582; x_wconf 90' lang='lat' dir='ltr'>species</span> <span class='ocrx_word' id='word_1_347' title='bbox 1418 3505 1464 3563; x_wconf 90' lang='lat' dir='ltr'>di-</span> 
     </span>
     <span class='ocr_line' id='line_1_37' title="bbox 217 3586 1466 3670; baseline -0.003 -18"><span class='ocrx_word' id='word_1_348' title='bbox 217 3590 255 3652; x_wconf 91' lang='lat' dir='ltr'>ah</span> <span class='ocrx_word' id='word_1_349' title='bbox 276 3609 313 3652; x_wconf 88' lang='lat' dir='ltr'>eo</span> <span class='ocrx_word' id='word_1_350' title='bbox 329 3588 573 3670; x_wconf 85' lang='lat' dir='ltr'>supersedemus.</span> <span class='ocrx_word' id='word_1_351' title='bbox 861 3586 1035 3664; x_wconf 83' lang='lat' dir='ltr'>stinguitur,</span> <span class='ocrx_word' id='word_1_352' title='bbox 1053 3587 1190 3648; x_wconf 84' lang='lat' dir='ltr'>uidelicet</span> <span class='ocrx_word' id='word_1_353' title='bbox 1208 3587 1238 3646; x_wconf 93' lang='lat' dir='ltr'>in</span> <span class='ocrx_word' id='word_1_354' title='bbox 1254 3588 1416 3667; x_wconf 90' lang='lat' dir='ltr'>perlectam</span> <span class='ocrx_word' id='word_1_355' title='bbox 1436 3595 1466 3648; x_wconf 88' lang='lat' dir='ltr'>ct</span> 
     </span>
     <span class='ocr_line' id='line_1_38' title="bbox 259 3668 1125 3752; baseline -0.005 -17"><span class='ocrx_word' id='word_1_356' title='bbox 259 3675 313 3735; x_wconf 80' lang='lat'>81.</span> <span class='ocrx_word' id='word_1_357' title='bbox 327 3673 400 3736; x_wconf 87' lang='lat' dir='ltr'>Cum</span> <span class='ocrx_word' id='word_1_358' title='bbox 419 3683 517 3734; x_wconf 90' lang='lat' dir='ltr'>tamen</span> <span class='ocrx_word' id='word_1_359' title='bbox 534 3689 592 3732; x_wconf 93' lang='lat' dir='ltr'>non</span> <span class='ocrx_word' id='word_1_360' title='bbox 609 3668 733 3732; x_wconf 90' lang='lat' dir='ltr'>minima</span> <span class='ocrx_word' id='word_1_361' title='bbox 751 3685 822 3730; x_wconf 85' lang='lat' dir='ltr'>con·</span> <span class='ocrx_word' id='word_1_362' title='bbox 861 3670 892 3731; x_wconf 91' lang='lat' dir='ltr'>in</span> <span class='ocrx_word' id='word_1_363' title='bbox 909 3671 1125 3752; x_wconf 86' lang='lat' dir='ltr'>irnperlectam.</span> 
     </span>
     <span class='ocr_line' id='line_1_39' title="bbox 217 3753 1467 3836; baseline -0.003 -16"><span class='ocrx_word' id='word_1_364' title='bbox 217 3759 365 3820; x_wconf 84' lang='lat' dir='ltr'>troversia</span> <span class='ocrx_word' id='word_1_365' title='bbox 384 3759 462 3820; x_wconf 90' lang='lat' dir='ltr'>inter</span> <span class='ocrx_word' id='word_1_366' title='bbox 481 3757 637 3832; x_wconf 85' lang='lat' dir='ltr'>theologos</span> <span class='ocrx_word' id='word_1_367' title='bbox 651 3755 748 3832; x_wconf 85' lang='lat' dir='ltr'>uigeat</span> <span class='ocrx_word' id='word_1_368' title='bbox 766 3755 823 3815; x_wconf 91' lang='lat' dir='ltr'>cir·</span> <span class='ocrx_word' id='word_1_369' title='bbox 905 3757 958 3817; x_wconf 81' lang='grc'>86.</span> <span class='ocrx_word' id='word_1_370' title='bbox 970 3753 1467 3836; x_wconf 85' lang='lat' dir='ltr'>Verumquarationedicilurper-</span> 
     </span>
     <span class='ocr_line' id='line_1_40' title="bbox 217 3840 1466 3920; baseline -0.002 -15"><span class='ocrx_word' id='word_1_371' title='bbox 217 3863 252 3905; x_wconf 92' lang='lat' dir='ltr'>ca</span> <span class='ocrx_word' id='word_1_372' title='bbox 270 3843 407 3905; x_wconf 89' lang='lat' dir='ltr'>caritatis</span> <span class='ocrx_word' id='word_1_373' title='bbox 428 3841 554 3904; x_wconf 91' lang='lat' dir='ltr'>actualis</span> <span class='ocrx_word' id='word_1_374' title='bbox 573 3859 641 3918; x_wconf 87' lang='lat' dir='ltr'>erga</span> <span class='ocrx_word' id='word_1_375' title='bbox 658 3840 750 3901; x_wconf 78' lang='lat' dir='ltr'>ileum</span> <span class='ocrx_word' id='word_1_376' title='bbox 772 3857 824 3898; x_wconf 93' lang='lat' dir='ltr'>nn·</span> <span class='ocrx_word' id='word_1_377' title='bbox 863 3841 939 3901; x_wconf 89' lang='lat' dir='ltr'>lecta</span> <span class='ocrx_word' id='word_1_378' title='bbox 954 3849 984 3902; x_wconf 93' lang='lat' dir='ltr'>et</span> <span class='ocrx_word' id='word_1_379' title='bbox 1001 3841 1185 3920; x_wconf 80' lang='lat' dir='ltr'>imperfecta,</span> <span class='ocrx_word' id='word_1_380' title='bbox 1204 3840 1320 3899; x_wconf 90' lang='lat' dir='ltr'>ratione</span> <span class='ocrx_word' id='word_1_381' title='bbox 1340 3852 1466 3905; x_wconf 86' lang='lat' dir='ltr'>naturae</span> 
     </span>
     <span class='ocr_line' id='line_1_41' title="bbox 217 3923 1467 4008; baseline 0 -21"><span class='ocrx_word' id='word_1_382' title='bbox 217 3930 329 4005; x_wconf 88' lang='lat' dir='ltr'>tiones,</span> <span class='ocrx_word' id='word_1_383' title='bbox 348 3926 601 4008; x_wconf 89' lang='lat' dir='ltr'>operaepretium</span> <span class='ocrx_word' id='word_1_384' title='bbox 618 3925 757 3984; x_wconf 79' lang='lat' dir='ltr'>duximus</span> <span class='ocrx_word' id='word_1_385' title='bbox 772 3941 823 3984; x_wconf 88' lang='lat' dir='ltr'>aas</span> <span class='ocrx_word' id='word_1_386' title='bbox 863 3943 900 3986; x_wconf 93' lang='lat' dir='ltr'>an</span> <span class='ocrx_word' id='word_1_387' title='bbox 917 3943 986 3985; x_wconf 91' lang='lat' dir='ltr'>vero</span> <span class='ocrx_word' id='word_1_388' title='bbox 999 3926 1114 3985; x_wconf 88' lang='lat' dir='ltr'>ratione</span> <span class='ocrx_word' id='word_1_389' title='bbox 1129 3923 1256 3999; x_wconf 64' lang='lat' dir='ltr'>grauns?</span> <span class='ocrx_word' id='word_1_390' title='bbox 1271 3923 1398 3985; x_wconf 86' lang='lat' dir='ltr'>Rursum</span> <span class='ocrx_word' id='word_1_391' title='bbox 1419 3945 1467 3988; x_wconf 90' lang='lat' dir='ltr'>ra-</span> 
     </span>
     <span class='ocr_line' id='line_1_42' title="bbox 218 4008 1467 4093; baseline -0.002 -19"><span class='ocrx_word' id='word_1_392' title='bbox 218 4022 360 4074; x_wconf 89' lang='lat' dir='ltr'>accurate</span> <span class='ocrx_word' id='word_1_393' title='bbox 381 4029 547 4093; x_wconf 86' lang='lat' dir='ltr'>exponere,</span> <span class='ocrx_word' id='word_1_394' title='bbox 570 4018 603 4070; x_wconf 90' lang='lat' dir='ltr'>ut</span> <span class='ocrx_word' id='word_1_395' title='bbox 621 4009 755 4069; x_wconf 86' lang='lat' dir='ltr'>dicendis</span> <span class='ocrx_word' id='word_1_396' title='bbox 774 4009 822 4068; x_wconf 91' lang='grc' dir='ltr'><strong><em>ιιιι</em></strong></span> <span class='ocrx_word' id='word_1_397' title='bbox 864 4010 945 4070; x_wconf 90' lang='lat' dir='ltr'>tione</span> <span class='ocrx_word' id='word_1_398' title='bbox 963 4018 1098 4083; x_wconf 90' lang='lat' dir='ltr'>naturae,</span> <span class='ocrx_word' id='word_1_399' title='bbox 1111 4008 1343 4085; x_wconf 86' lang='lat' dir='ltr'>distinguiturne</span> <span class='ocrx_word' id='word_1_400' title='bbox 1356 4029 1390 4070; x_wconf 80' lang='lat' dir='ltr'>es</span> <span class='ocrx_word' id='word_1_401' title='bbox 1404 4030 1467 4073; x_wconf 95' lang='lat' dir='ltr'>mo-</span> 
     </span>
     <span class='ocr_line' id='line_1_43' title="bbox 217 4093 1467 4176; baseline -0.001 -19"><span class='ocrx_word' id='word_1_402' title='bbox 217 4099 373 4175; x_wconf 79' lang='lat' dir='ltr'>affulgeat,</span> <span class='ocrx_word' id='word_1_403' title='bbox 390 4106 419 4158; x_wconf 89' lang='lat' dir='ltr'>ct</span> <span class='ocrx_word' id='word_1_404' title='bbox 446 4096 488 4157; x_wconf 86' lang='lat' dir='ltr'>ita</span> <span class='ocrx_word' id='word_1_405' title='bbox 514 4094 625 4156; x_wconf 90' lang='lat' dir='ltr'>clarius</span> <span class='ocrx_word' id='word_1_406' title='bbox 643 4111 692 4155; x_wconf 88' lang='lat' dir='ltr'>res</span> <span class='ocrx_word' id='word_1_407' title='bbox 709 4093 823 4154; x_wconf 88' lang='lat' dir='ltr'>intelli·</span> <span class='ocrx_word' id='word_1_408' title='bbox 865 4094 922 4154; x_wconf 87' lang='lat' dir='ltr'>tivo</span> <span class='ocrx_word' id='word_1_409' title='bbox 939 4094 1058 4155; x_wconf 79' lang='lat' dir='ltr'>formali</span> <span class='ocrx_word' id='word_1_410' title='bbox 1079 4093 1195 4154; x_wconf 88' lang='lat' dir='ltr'>scilicet</span> <span class='ocrx_word' id='word_1_411' title='bbox 1210 4094 1263 4154; x_wconf 85' lang='lat' dir='ltr'>ttei</span> <span class='ocrx_word' id='word_1_412' title='bbox 1280 4095 1324 4154; x_wconf 83' lang='lat' dir='ltr'>rel</span> <span class='ocrx_word' id='word_1_413' title='bbox 1347 4105 1467 4176; x_wconf 86' lang='lat' dir='ltr'>propter</span> 
     </span>
     <span class='ocr_line' id='line_1_44' title="bbox 216 4177 1467 4261; baseline -0.008 -18"><span class='ocrx_word' id='word_1_414' title='bbox 216 4192 317 4258; x_wconf 83' lang='lat' dir='ltr'>gutur.</span> <span class='ocrx_word' id='word_1_415' title='bbox 863 4197 896 4239; x_wconf 90' lang='lat' dir='ltr'>se</span> <span class='ocrx_word' id='word_1_416' title='bbox 924 4178 1048 4250; x_wconf 90' lang='lat' dir='ltr'>dilecti,</span> <span class='ocrx_word' id='word_1_417' title='bbox 1080 4177 1125 4238; x_wconf 86' lang='lat' dir='ltr'>vel</span> <span class='ocrx_word' id='word_1_418' title='bbox 1156 4177 1208 4238; x_wconf 84' lang='lat' dir='ltr'>[lei</span> <span class='ocrx_word' id='word_1_419' title='bbox 1241 4178 1341 4239; x_wconf 89' lang='lat' dir='ltr'>dilecti</span> <span class='ocrx_word' id='word_1_420' title='bbox 1379 4191 1467 4261; x_wconf 79' lang='lat' dir='ltr'>prout</span> 
     </span>
     <span class='ocr_line' id='line_1_45' title="bbox 468 4262 1463 4338; baseline -0.001 -12"><span class='ocrx_word' id='word_1_421' title='bbox 468 4279 532 4332; x_wconf 61' lang='lat' dir='ltr'>Ano.</span> <span class='ocrx_word' id='word_1_422' title='bbox 552 4278 573 4332; x_wconf 90' lang='lat'>1.</span> <span class='ocrx_word' id='word_1_423' title='bbox 864 4263 988 4324; x_wconf 82' lang='lat' dir='ltr'>cstfinis</span> <span class='ocrx_word' id='word_1_424' title='bbox 1008 4262 1145 4338; x_wconf 88' lang='lat' dir='ltr'>ultimus,</span> <span class='ocrx_word' id='word_1_425' title='bbox 1163 4263 1258 4322; x_wconf 85' lang='lat' dir='ltr'>souin</span> <span class='ocrx_word' id='word_1_426' title='bbox 1272 4265 1463 4326; x_wconf 91' lang='lat' dir='ltr'>commodum</span> 
     </span>
     <span class='ocr_line' id='line_1_46' title="bbox 215 4346 1462 4429; baseline -0.006 -13"><span class='ocrx_word' id='word_1_427' title='bbox 215 4363 338 4416; x_wconf 78' lang='lat' dir='ltr'>Nationes</span> <span class='ocrx_word' id='word_1_428' title='bbox 356 4369 470 4429; x_wconf 70' lang='lat' dir='ltr'>paroeciae</span> <span class='ocrx_word' id='word_1_429' title='bbox 487 4371 552 4415; x_wconf 81' lang='lat' dir='ltr'>circo</span> <span class='ocrx_word' id='word_1_430' title='bbox 565 4367 693 4424; x_wconf 80' lang='lat' dir='ltr'>rollonem,</span> <span class='ocrx_word' id='word_1_431' title='bbox 713 4379 759 4426; x_wconf 81' lang='lat' dir='ltr'>quo</span> <span class='ocrx_word' id='word_1_432' title='bbox 783 4367 823 4414; x_wconf 83' lang='lat' dir='ltr'>ln·</span> <span class='ocrx_word' id='word_1_433' title='bbox 864 4347 1024 4408; x_wconf 68' lang='lat' dir='ltr'>amanlis?</span> <span class='ocrx_word' id='word_1_434' title='bbox 1053 4346 1180 4408; x_wconf 79' lang='lat' dir='ltr'>Raltttne</span> <span class='ocrx_word' id='word_1_435' title='bbox 1209 4357 1309 4407; x_wconf 80' lang='lat' dir='ltr'>aulem</span> <span class='ocrx_word' id='word_1_436' title='bbox 1342 4349 1462 4424; x_wconf 81' lang='lat' dir='ltr'>gradus,</span> 
     </span>
     <span class='ocr_line' id='line_1_47' title="bbox 252 4423 1464 4511; baseline -0.003 -28"><span class='ocrx_word' id='word_1_437' title='bbox 252 4423 290 4483; x_wconf 65' lang='lat' dir='ltr'>lei</span> <span class='ocrx_word' id='word_1_438' title='bbox 308 4439 527 4496; x_wconf 64' lang='lat' dir='ltr'>”distinguuntur</span> <span class='ocrx_word' id='word_1_439' title='bbox 544 4436 823 4497; x_wconf 78' lang='lat' dir='ltr'>turiluuurluolisptr-</span> <span class='ocrx_word' id='word_1_440' title='bbox 864 4442 949 4493; x_wconf 62' lang='lat' dir='ltr'>estne</span> <span class='ocrx_word' id='word_1_441' title='bbox 974 4431 1083 4493; x_wconf 73' lang='lat' dir='ltr'>capitas</span> <span class='ocrx_word' id='word_1_442' title='bbox 1110 4431 1248 4491; x_wconf 71' lang='lat' dir='ltr'>inchoata</span> <span class='ocrx_word' id='word_1_443' title='bbox 1266 4450 1300 4490; x_wconf 81' lang='lat' dir='ltr'>ac</span> <span class='ocrx_word' id='word_1_444' title='bbox 1319 4431 1464 4511; x_wconf 74' lang='lat' dir='ltr'>incipiens</span> 
     </span>
     <span class='ocr_line' id='line_1_48' title="bbox 249 4503 1462 4596; baseline -0.005 -16"><span class='ocrx_word' id='word_1_445' title='bbox 249 4503 315 4562; x_wconf 52' lang='grc' dir='ltr'>ΨΜ</span> <span class='ocrx_word' id='word_1_446' title='bbox 339 4507 361 4554; x_wconf 75' lang='lat'>‘¹</span> <span class='ocrx_word' id='word_1_447' title='bbox 379 4508 471 4552; x_wconf 73' lang='lat' dir='ltr'>coritae</span> <span class='ocrx_word' id='word_1_448' title='bbox 489 4504 638 4564; x_wconf 65' lang='lat' dir='ltr'>stirpanda.</span> <span class='ocrx_word' id='word_1_449' title='bbox 864 4535 911 4593; x_wconf 89' lang='lat' dir='ltr'>ea,</span> <span class='ocrx_word' id='word_1_450' title='bbox 932 4535 1010 4596; x_wconf 88' lang='lat' dir='ltr'>quac</span> <span class='ocrx_word' id='word_1_451' title='bbox 1029 4535 1087 4576; x_wconf 94' lang='lat' dir='ltr'>non</span> <span class='ocrx_word' id='word_1_452' title='bbox 1107 4515 1236 4589; x_wconf 87' lang='lat' dir='ltr'>assurgit</span> <span class='ocrx_word' id='word_1_453' title='bbox 1253 4516 1399 4593; x_wconf 88' lang='lat' dir='ltr'>usquead</span> <span class='ocrx_word' id='word_1_454' title='bbox 1419 4516 1462 4574; x_wconf 87' lang='lat' dir='ltr'>di·</span> 
     </span>
     <span class='ocr_line' id='line_1_49' title="bbox 260 4599 1465 4683; baseline -0.004 -17"><span class='ocrx_word' id='word_1_455' title='bbox 260 4605 315 4666; x_wconf 68' lang='lat'>82.</span> <span class='ocrx_word' id='word_1_456' title='bbox 348 4603 508 4668; x_wconf 86' lang='lat' dir='ltr'>Caritatem</span> <span class='ocrx_word' id='word_1_457' title='bbox 542 4603 579 4664; x_wconf 89' lang='lat' dir='ltr'>de</span> <span class='ocrx_word' id='word_1_458' title='bbox 607 4619 678 4683; x_wconf 69' lang='lat' dir='ltr'>qua⁸</span> <span class='ocrx_word' id='word_1_459' title='bbox 699 4601 823 4663; x_wconf 90' lang='lat' dir='ltr'>disseri·</span> <span class='ocrx_word' id='word_1_460' title='bbox 865 4602 1023 4662; x_wconf 82' lang='lat' dir='ltr'>lectionem</span> <span class='ocrx_word' id='word_1_461' title='bbox 1044 4600 1095 4660; x_wconf 87' lang='lat' dir='ltr'>[lei</span> <span class='ocrx_word' id='word_1_462' title='bbox 1110 4599 1326 4679; x_wconf 87' lang='lat' dir='ltr'>superomnia,</span> <span class='ocrx_word' id='word_1_463' title='bbox 1343 4605 1465 4662; x_wconf 78' lang='lat' dir='ltr'>necne?</span> 
     </span>
     <span class='ocr_line' id='line_1_50' title="bbox 212 4680 1462 4771; baseline -0.006 -19"><span class='ocrx_word' id='word_1_464' title='bbox 212 4708 298 4767; x_wconf 87' lang='lat' dir='ltr'>mus,</span> <span class='ocrx_word' id='word_1_465' title='bbox 327 4689 358 4750; x_wconf 94' lang='lat' dir='ltr'>in</span> <span class='ocrx_word' id='word_1_466' title='bbox 376 4691 535 4771; x_wconf 85' lang='lat' dir='ltr'>perlectam</span> <span class='ocrx_word' id='word_1_467' title='bbox 557 4705 591 4750; x_wconf 93' lang='lat' dir='ltr'>ac</span> <span class='ocrx_word' id='word_1_468' title='bbox 617 4688 821 4767; x_wconf 82' lang='lat' dir='ltr'>imperfectam</span> <span class='ocrx_word' id='word_1_469' title='bbox 863 4685 937 4747; x_wconf 88' lang='lat' dir='ltr'>lteru</span> <span class='ocrx_word' id='word_1_470' title='bbox 953 4686 1080 4760; x_wconf 88' lang='lat' dir='ltr'>caritas,</span> <span class='ocrx_word' id='word_1_471' title='bbox 1100 4680 1177 4762; x_wconf 78' lang='lat' dir='ltr'>qua‘e</span> <span class='ocrx_word' id='word_1_472' title='bbox 1194 4683 1323 4762; x_wconf 88' lang='lat' dir='ltr'>perlecta</span> <span class='ocrx_word' id='word_1_473' title='bbox 1341 4685 1462 4764; x_wconf 91' lang='lat' dir='ltr'>quidem</span> 
     </span>
    </p>
   </div>
   <div class='ocr_carea' id='block_1_3' title="bbox 299 4797 1377 4873">
    <p class='ocr_par' dir='ltr' id='par_1_3' title="bbox 299 4797 1377 4873">
     <span class='ocr_line' id='line_1_51' title="bbox 299 4797 1377 4873; baseline -0.009 -11"><span class='ocrx_word' id='word_1_474' title='bbox 299 4799 455 4873; x_wconf 77' lang='lat' dir='ltr'>Punnoua,</span> <span class='ocrx_word' id='word_1_475' title='bbox 477 4801 517 4862; x_wconf 87' lang='lat' dir='ltr'>Do</span> <span class='ocrx_word' id='word_1_476' title='bbox 540 4799 707 4862; x_wconf 78' lang='lat' dir='ltr'>Virtutibus</span> <span class='ocrx_word' id='word_1_477' title='bbox 1340 4797 1377 4853; x_wconf 84' lang='lat' dir='ltr'>to</span> 
     </span>
    </p>
   </div>
   <div class='ocr_carea' id='block_1_4' title="bbox 0 0 1894 5659">
    <p class='ocr_par' dir='ltr' id='par_1_4' title="bbox 0 0 1894 5659">
     <span class='ocr_line' id='line_1_52' title="bbox 0 0 1894 5659; baseline 0 0"><span class='ocrx_word' id='word_1_478' title='bbox 0 0 1894 5659; x_wconf 95' lang='lat' dir='ltr'> </span> 
     </span>
    </p>
   </div>
  </div>
 </body>
</html>
