<?xml version="1.0" encoding="UTF-8"?>
<!DOCTYPE html PUBLIC "-//W3C//DTD XHTML 1.0 Transitional//EN"
    "http://www.w3.org/TR/xhtml1/DTD/xhtml1-transitional.dtd">
<html xmlns="http://www.w3.org/1999/xhtml" xml:lang="en" lang="en">
 <head>
  <title>
</title>
<meta http-equiv="Content-Type" content="text/html;charset=utf-8" />
  <meta name='ocr-system' content='tesseract 3.04.00' />
  <meta name='ocr-capabilities' content='ocr_page ocr_carea ocr_par ocr_line ocrx_word'/>
</head>
<body>
  <div class='ocr_page' id='page_1' title='image "./praelectionesth09perrgoog/praelectionesth09perrgoog_0275.png"; bbox 0 0 3700 5659; ppageno 0'>
   <div class='ocr_carea' id='block_1_1' title="bbox 787 507 1442 570">
    <p class='ocr_par' dir='ltr' id='par_1_1' title="bbox 787 507 1442 570">
     <span class='ocr_line' id='line_1_1' title="bbox 787 507 1442 570; baseline -0.003 -14"><span class='ocrx_word' id='word_1_1' title='bbox 787 514 882 557; x_wconf 73' lang='lat' dir='ltr'>carun</span> <span class='ocrx_word' id='word_1_2' title='bbox 901 515 932 558; x_wconf 90' lang='lat' dir='ltr'>v.</span> <span class='ocrx_word' id='word_1_3' title='bbox 1379 507 1442 570; x_wconf 72' lang='lat'>253</span> 
     </span>
    </p>
   </div>
   <div class='ocr_carea' id='block_1_2' title="bbox 229 604 1584 4461">
    <p class='ocr_par' dir='ltr' id='par_1_2' title="bbox 229 604 1584 4461">
     <span class='ocr_line' id='line_1_2' title="bbox 233 604 1483 694; baseline 0.009 -24"><span class='ocrx_word' id='word_1_4' title='bbox 233 607 405 684; x_wconf 81' lang='lat' dir='ltr'>ligendom,</span> <span class='ocrx_word' id='word_1_5' title='bbox 422 604 494 686; x_wconf 87' lang='lat' dir='ltr'>quin</span> <span class='ocrx_word' id='word_1_6' title='bbox 514 617 638 668; x_wconf 83' lang='lat' dir='ltr'>necesse</span> <span class='ocrx_word' id='word_1_7' title='bbox 653 607 692 668; x_wconf 89' lang='lat' dir='ltr'>sit</span> <span class='ocrx_word' id='word_1_8' title='bbox 708 609 842 670; x_wconf 76' lang='lat' dir='ltr'><strong>actiones</strong></span> <span class='ocrx_word' id='word_1_9' title='bbox 881 611 1026 672; x_wconf 81' lang='lat' dir='ltr'>malicum</span> <span class='ocrx_word' id='word_1_10' title='bbox 1045 620 1101 689; x_wconf 90' lang='lat' dir='ltr'>est,</span> <span class='ocrx_word' id='word_1_11' title='bbox 1126 613 1207 692; x_wconf 89' lang='lat' dir='ltr'>quod</span> <span class='ocrx_word' id='word_1_12' title='bbox 1230 633 1290 676; x_wconf 95' lang='lat' dir='ltr'>non</span> <span class='ocrx_word' id='word_1_13' title='bbox 1310 617 1422 694; x_wconf 86' lang='lat' dir='ltr'>obligat</span> <span class='ocrx_word' id='word_1_14' title='bbox 1444 620 1483 681; x_wconf 87' lang='lat' dir='ltr'>ad</span> 
     </span>
     <span class='ocr_line' id='line_1_3' title="bbox 234 691 1482 780; baseline 0.01 -28"><span class='ocrx_word' id='word_1_15' title='bbox 234 691 446 766; x_wconf 73' lang='lat' dir='ltr'>singulassire</span> <span class='ocrx_word' id='word_1_16' title='bbox 458 691 626 752; x_wconf 73' lang='lat' dir='ltr'><strong>formaliter</strong></span> <span class='ocrx_word' id='word_1_17' title='bbox 639 691 669 751; x_wconf 95' lang='lat' dir='ltr'>in</span> <span class='ocrx_word' id='word_1_18' title='bbox 681 701 763 768; x_wconf 90' lang='lat' dir='ltr'>actu,</span> <span class='ocrx_word' id='word_1_19' title='bbox 779 692 842 753; x_wconf 86' lang='lat' dir='ltr'>sive</span> <span class='ocrx_word' id='word_1_20' title='bbox 881 710 1011 773; x_wconf 77' lang='lat' dir='ltr'>semper,</span> <span class='ocrx_word' id='word_1_21' title='bbox 1035 695 1088 756; x_wconf 85' lang='lat' dir='ltr'>sed</span> <span class='ocrx_word' id='word_1_22' title='bbox 1117 697 1202 758; x_wconf 88' lang='lat' dir='ltr'>statis</span> <span class='ocrx_word' id='word_1_23' title='bbox 1235 702 1432 780; x_wconf 75' lang='lat' dir='ltr'>temporibus,</span> <span class='ocrx_word' id='word_1_24' title='bbox 1452 712 1482 765; x_wconf 94' lang='lat' dir='ltr'>et</span> 
     </span>
     <span class='ocr_line' id='line_1_4' title="bbox 232 773 1481 848; baseline 0.012 -14"><span class='ocrx_word' id='word_1_25' title='bbox 232 775 406 838; x_wconf 71' lang='lat' dir='ltr'>virtualiter</span> <span class='ocrx_word' id='word_1_26' title='bbox 423 775 454 834; x_wconf 92' lang='lat' dir='ltr'>in</span> <span class='ocrx_word' id='word_1_27' title='bbox 474 773 566 836; x_wconf 87' lang='lat' dir='ltr'>[lenm</span> <span class='ocrx_word' id='word_1_28' title='bbox 586 775 700 836; x_wconf 79' lang='lat' dir='ltr'>referre</span> <span class='ocrx_word' id='word_1_29' title='bbox 719 775 746 835; x_wconf 85' lang='lat' dir='ltr'>ci</span> <span class='ocrx_word' id='word_1_30' title='bbox 762 776 840 837; x_wconf 87' lang='lat' dir='ltr'>alte·</span> <span class='ocrx_word' id='word_1_31' title='bbox 881 775 911 835; x_wconf 94' lang='lat' dir='ltr'>in</span> <span class='ocrx_word' id='word_1_32' title='bbox 931 777 1042 839; x_wconf 90' lang='lat' dir='ltr'>debitis</span> <span class='ocrx_word' id='word_1_33' title='bbox 1066 779 1317 844; x_wconf 77' lang='lat' dir='ltr'>circumstantiis:</span> <span class='ocrx_word' id='word_1_34' title='bbox 1338 803 1399 846; x_wconf 90' lang='lat' dir='ltr'>non</span> <span class='ocrx_word' id='word_1_35' title='bbox 1423 805 1481 848; x_wconf 90' lang='lat' dir='ltr'>an-</span> 
     </span>
     <span class='ocr_line' id='line_1_5' title="bbox 232 857 1483 950; baseline 0.01 -30"><span class='ocrx_word' id='word_1_36' title='bbox 232 859 298 920; x_wconf 85' lang='lat' dir='ltr'>xios</span> <span class='ocrx_word' id='word_1_37' title='bbox 316 858 469 940; x_wconf 85' lang='lat' dir='ltr'>praecepti</span> <span class='ocrx_word' id='word_1_38' title='bbox 489 857 633 934; x_wconf 90' lang='lat' dir='ltr'>distincti,</span> <span class='ocrx_word' id='word_1_39' title='bbox 653 877 713 938; x_wconf 90' lang='lat' dir='ltr'>qno</span> <span class='ocrx_word' id='word_1_40' title='bbox 737 859 843 921; x_wconf 91' lang='lat' dir='ltr'>inbea-</span> <span class='ocrx_word' id='word_1_41' title='bbox 882 867 941 920; x_wconf 91' lang='lat' dir='ltr'>tem</span> <span class='ocrx_word' id='word_1_42' title='bbox 963 864 1155 942; x_wconf 74' lang='lat' dir='ltr'>cepaticum,</span> <span class='ocrx_word' id='word_1_43' title='bbox 1175 873 1209 926; x_wconf 93' lang='lat' dir='ltr'>ut</span> <span class='ocrx_word' id='word_1_44' title='bbox 1227 866 1339 943; x_wconf 81' lang='lat' dir='ltr'>obliget</span> <span class='ocrx_word' id='word_1_45' title='bbox 1362 887 1483 950; x_wconf 84' lang='lat' dir='ltr'>semper</span> 
     </span>
     <span class='ocr_line' id='line_1_6' title="bbox 233 935 1481 1029; baseline 0.009 -25"><span class='ocrx_word' id='word_1_46' title='bbox 233 962 305 1004; x_wconf 91' lang='lat' dir='ltr'>mur</span> <span class='ocrx_word' id='word_1_47' title='bbox 323 943 463 1023; x_wconf 83' lang='lat' dir='ltr'>explicite</span> <span class='ocrx_word' id='word_1_48' title='bbox 481 942 563 1004; x_wconf 93' lang='lat' dir='ltr'>illam</span> <span class='ocrx_word' id='word_1_49' title='bbox 588 935 764 1003; x_wconf 76' lang='lat' dir='ltr'>relationem</span> <span class='ocrx_word' id='word_1_50' title='bbox 794 944 840 1004; x_wconf 85' lang='lat' dir='ltr'>la·</span> <span class='ocrx_word' id='word_1_51' title='bbox 881 953 911 1004; x_wconf 92' lang='lat' dir='ltr'>ct</span> <span class='ocrx_word' id='word_1_52' title='bbox 929 963 981 1023; x_wconf 91' lang='lat' dir='ltr'>pro</span> <span class='ocrx_word' id='word_1_53' title='bbox 1001 964 1140 1026; x_wconf 83' lang='lat' dir='ltr'>semper3</span> <span class='ocrx_word' id='word_1_54' title='bbox 1162 949 1221 1010; x_wconf 90' lang='lat' dir='ltr'>tale</span> <span class='ocrx_word' id='word_1_55' title='bbox 1239 968 1330 1029; x_wconf 89' lang='lat' dir='ltr'>porro</span> <span class='ocrx_word' id='word_1_56' title='bbox 1358 963 1437 1014; x_wconf 85' lang='lat' dir='ltr'>esset</span> <span class='ocrx_word' id='word_1_57' title='bbox 1454 954 1481 1015; x_wconf 88' lang='lat' dir='ltr'>si</span> 
     </span>
     <span class='ocr_line' id='line_1_7' title="bbox 232 1024 1480 1111; baseline 0.01 -25"><span class='ocrx_word' id='word_1_58' title='bbox 232 1045 304 1088; x_wconf 90' lang='lat' dir='ltr'>cere</span> <span class='ocrx_word' id='word_1_59' title='bbox 324 1045 359 1088; x_wconf 85' lang='lat' dir='ltr'>ex</span> <span class='ocrx_word' id='word_1_60' title='bbox 378 1026 508 1106; x_wconf 92' lang='lat' dir='ltr'>quodam</span> <span class='ocrx_word' id='word_1_61' title='bbox 532 1024 678 1105; x_wconf 80' lang='lat' dir='ltr'>peculiari</span> <span class='ocrx_word' id='word_1_62' title='bbox 713 1026 840 1106; x_wconf 88' lang='lat' dir='ltr'>imperio</span> <span class='ocrx_word' id='word_1_63' title='bbox 880 1027 1014 1090; x_wconf 83' lang='lat' dir='ltr'>actiones</span> <span class='ocrx_word' id='word_1_64' title='bbox 1041 1049 1148 1092; x_wconf 91' lang='lat' dir='ltr'>omnes</span> <span class='ocrx_word' id='word_1_65' title='bbox 1175 1033 1347 1111; x_wconf 81' lang='lat' dir='ltr'>singillatim</span> <span class='ocrx_word' id='word_1_66' title='bbox 1376 1037 1480 1097; x_wconf 90' lang='lat' dir='ltr'>autin</span> 
     </span>
     <span class='ocr_line' id='line_1_8' title="bbox 231 1109 1478 1190; baseline 0.007 -18"><span class='ocrx_word' id='word_1_67' title='bbox 231 1110 389 1185; x_wconf 80' lang='lat' dir='ltr'>caritatis3</span> <span class='ocrx_word' id='word_1_68' title='bbox 417 1123 447 1172; x_wconf 89' lang='lat' dir='ltr'>et</span> <span class='ocrx_word' id='word_1_69' title='bbox 464 1109 546 1190; x_wconf 89' lang='lat' dir='ltr'>quod</span> <span class='ocrx_word' id='word_1_70' title='bbox 575 1127 764 1188; x_wconf 86' lang='lat' dir='ltr'>consequens</span> <span class='ocrx_word' id='word_1_71' title='bbox 781 1119 837 1188; x_wconf 90' lang='lat' dir='ltr'>est,</span> <span class='ocrx_word' id='word_1_72' title='bbox 880 1118 947 1172; x_wconf 90' lang='lat' dir='ltr'>actu</span> <span class='ocrx_word' id='word_1_73' title='bbox 963 1120 1015 1173; x_wconf 91' lang='lat' dir='ltr'>ant</span> <span class='ocrx_word' id='word_1_74' title='bbox 1037 1113 1068 1173; x_wconf 93' lang='lat' dir='ltr'>in</span> <span class='ocrx_word' id='word_1_75' title='bbox 1087 1114 1194 1177; x_wconf 82' lang='lat' dir='ltr'>uirtute</span> <span class='ocrx_word' id='word_1_76' title='bbox 1223 1117 1404 1181; x_wconf 89' lang='lat' dir='ltr'>deberemus</span> <span class='ocrx_word' id='word_1_77' title='bbox 1426 1139 1478 1181; x_wconf 92' lang='lat' dir='ltr'>ex-</span> 
     </span>
     <span class='ocr_line' id='line_1_9' title="bbox 232 1193 1477 1281; baseline 0.009 -27"><span class='ocrx_word' id='word_1_78' title='bbox 232 1212 297 1254; x_wconf 94' lang='lat' dir='ltr'>non</span> <span class='ocrx_word' id='word_1_79' title='bbox 318 1193 448 1256; x_wconf 92' lang='lat' dir='ltr'>debeant</span> <span class='ocrx_word' id='word_1_80' title='bbox 473 1193 596 1256; x_wconf 92' lang='lat' dir='ltr'>eaedem</span> <span class='ocrx_word' id='word_1_81' title='bbox 624 1193 757 1255; x_wconf 89' lang='lat' dir='ltr'>actiones</span> <span class='ocrx_word' id='word_1_82' title='bbox 787 1203 840 1256; x_wconf 88' lang='lat' dir='ltr'>aut</span> <span class='ocrx_word' id='word_1_83' title='bbox 878 1195 981 1274; x_wconf 90' lang='lat' dir='ltr'>plicite</span> <span class='ocrx_word' id='word_1_84' title='bbox 1002 1196 1033 1256; x_wconf 95' lang='lat' dir='ltr'>in</span> <span class='ocrx_word' id='word_1_85' title='bbox 1058 1197 1151 1259; x_wconf 83' lang='lat' dir='ltr'>Deum</span> <span class='ocrx_word' id='word_1_86' title='bbox 1172 1199 1310 1263; x_wconf 91' lang='lat' dir='ltr'>distincte</span> <span class='ocrx_word' id='word_1_87' title='bbox 1339 1204 1477 1281; x_wconf 78' lang='lat' dir='ltr'>referre,</span> 
     </span>
     <span class='ocr_line' id='line_1_10' title="bbox 230 1277 1478 1364; baseline 0.008 -26"><span class='ocrx_word' id='word_1_88' title='bbox 230 1277 431 1358; x_wconf 78' lang='lat' dir='ltr'>imperfectae</span> <span class='ocrx_word' id='word_1_89' title='bbox 461 1285 514 1349; x_wconf 86' lang='lat' dir='ltr'>ant</span> <span class='ocrx_word' id='word_1_90' title='bbox 548 1295 672 1338; x_wconf 89' lang='lat' dir='ltr'>mancae</span> <span class='ocrx_word' id='word_1_91' title='bbox 706 1277 836 1357; x_wconf 91' lang='lat' dir='ltr'>haberi,</span> <span class='ocrx_word' id='word_1_92' title='bbox 879 1278 920 1340; x_wconf 91' lang='lat' dir='ltr'>ita</span> <span class='ocrx_word' id='word_1_93' title='bbox 933 1287 977 1356; x_wconf 90' lang='lat' dir='ltr'>ut,</span> <span class='ocrx_word' id='word_1_94' title='bbox 995 1280 1053 1345; x_wconf 91' lang='lat' dir='ltr'>nisi</span> <span class='ocrx_word' id='word_1_95' title='bbox 1062 1281 1092 1342; x_wconf 94' lang='lat' dir='ltr'>id</span> <span class='ocrx_word' id='word_1_96' title='bbox 1103 1282 1165 1359; x_wconf 81' lang='lat' dir='ltr'>stat,</span> <span class='ocrx_word' id='word_1_97' title='bbox 1175 1283 1379 1364; x_wconf 78' lang='lat' dir='ltr'>imperfectae,</span> <span class='ocrx_word' id='word_1_98' title='bbox 1390 1306 1478 1348; x_wconf 91' lang='lat' dir='ltr'>man-</span> 
     </span>
     <span class='ocr_line' id='line_1_11' title="bbox 230 1358 1479 1444; baseline 0.009 -22"><span class='ocrx_word' id='word_1_99' title='bbox 230 1362 331 1422; x_wconf 92' lang='lat' dir='ltr'>multo</span> <span class='ocrx_word' id='word_1_100' title='bbox 346 1380 416 1422; x_wconf 83' lang='lat' dir='ltr'>vero</span> <span class='ocrx_word' id='word_1_101' title='bbox 436 1360 534 1424; x_wconf 93' lang='lat' dir='ltr'>minus</span> <span class='ocrx_word' id='word_1_102' title='bbox 556 1361 839 1441; x_wconf 88' lang='lat' dir='ltr'>quadantennsma·</span> <span class='ocrx_word' id='word_1_103' title='bbox 878 1358 943 1439; x_wconf 83' lang='lat' dir='ltr'>cae,</span> <span class='ocrx_word' id='word_1_104' title='bbox 962 1371 1015 1424; x_wconf 91' lang='lat' dir='ltr'>aut</span> <span class='ocrx_word' id='word_1_105' title='bbox 1032 1375 1153 1444; x_wconf 90' lang='lat' dir='ltr'>peccato</span> <span class='ocrx_word' id='word_1_106' title='bbox 1166 1368 1339 1430; x_wconf 89' lang='lat' dir='ltr'>omissionis</span> <span class='ocrx_word' id='word_1_107' title='bbox 1349 1369 1479 1433; x_wconf 81' lang='lat' dir='ltr'>iniectae</span> 
     </span>
     <span class='ocr_line' id='line_1_12' title="bbox 230 1443 1145 1518; baseline 0.005 -12"><span class='ocrx_word' id='word_1_108' title='bbox 230 1445 282 1506; x_wconf 88' lang='lat' dir='ltr'>lac</span> <span class='ocrx_word' id='word_1_109' title='bbox 295 1444 335 1506; x_wconf 91' lang='lat' dir='ltr'>ob</span> <span class='ocrx_word' id='word_1_110' title='bbox 355 1445 502 1506; x_wconf 88' lang='lat' dir='ltr'>delectum</span> <span class='ocrx_word' id='word_1_111' title='bbox 519 1443 669 1506; x_wconf 90' lang='lat' dir='ltr'>eiusmodi</span> <span class='ocrx_word' id='word_1_112' title='bbox 682 1445 837 1507; x_wconf 87' lang='lat' dir='ltr'>relationis</span> <span class='ocrx_word' id='word_1_113' title='bbox 878 1446 984 1518; x_wconf 88' lang='lat' dir='ltr'>haberi</span> <span class='ocrx_word' id='word_1_114' title='bbox 1003 1447 1145 1511; x_wconf 90' lang='lat' dir='ltr'>debeant.</span> 
     </span>
     <span class='ocr_line' id='line_1_13' title="bbox 230 1527 1479 1612; baseline 0.009 -24"><span class='ocrx_word' id='word_1_115' title='bbox 230 1528 746 1609; x_wconf 86' lang='lat' dir='ltr'>distinctaeacaritateimperatae.</span> <span class='ocrx_word' id='word_1_116' title='bbox 760 1527 838 1599; x_wconf 84' lang='lat' dir='ltr'>Qua·</span> <span class='ocrx_word' id='word_1_117' title='bbox 920 1530 994 1591; x_wconf 77' lang='lat'><strong>278.</strong></span> <span class='ocrx_word' id='word_1_118' title='bbox 1019 1531 1061 1592; x_wconf 87' lang='lat' dir='ltr'>Ex</span> <span class='ocrx_word' id='word_1_119' title='bbox 1081 1532 1217 1612; x_wconf 88' lang='lat' dir='ltr'>patribus</span> <span class='ocrx_word' id='word_1_120' title='bbox 1240 1535 1313 1597; x_wconf 88' lang='lat' dir='ltr'>satis</span> <span class='ocrx_word' id='word_1_121' title='bbox 1336 1536 1375 1598; x_wconf 93' lang='lat' dir='ltr'>sit</span> <span class='ocrx_word' id='word_1_122' title='bbox 1405 1538 1479 1600; x_wconf 90' lang='lat' dir='ltr'>alte·</span> 
     </span>
     <span class='ocr_line' id='line_1_14' title="bbox 230 1613 1478 1694; baseline 0.009 -22"><span class='ocrx_word' id='word_1_123' title='bbox 230 1623 358 1693; x_wconf 89' lang='lat' dir='ltr'>propter</span> <span class='ocrx_word' id='word_1_124' title='bbox 375 1613 603 1690; x_wconf 86' lang='lat' dir='ltr'>contendimus,</span> <span class='ocrx_word' id='word_1_125' title='bbox 624 1631 737 1692; x_wconf 90' lang='lat' dir='ltr'>opera,</span> <span class='ocrx_word' id='word_1_126' title='bbox 758 1631 836 1692; x_wconf 91' lang='lat' dir='ltr'>quae</span> <span class='ocrx_word' id='word_1_127' title='bbox 877 1630 943 1674; x_wconf 91' lang='lat' dir='ltr'>rum</span> <span class='ocrx_word' id='word_1_128' title='bbox 962 1633 998 1674; x_wconf 84' lang='lat' dir='ltr'>ex</span> <span class='ocrx_word' id='word_1_129' title='bbox 1019 1617 1149 1694; x_wconf 83' lang='lat' dir='ltr'>graecis,</span> <span class='ocrx_word' id='word_1_130' title='bbox 1182 1618 1308 1681; x_wconf 90' lang='lat' dir='ltr'>alterum</span> <span class='ocrx_word' id='word_1_131' title='bbox 1342 1639 1412 1681; x_wconf 85' lang='lat' dir='ltr'>cero</span> <span class='ocrx_word' id='word_1_132' title='bbox 1443 1641 1478 1683; x_wconf 91' lang='lat' dir='ltr'>ex</span> 
     </span>
     <span class='ocr_line' id='line_1_15' title="bbox 230 1695 1478 1782; baseline 0.008 -26"><span class='ocrx_word' id='word_1_133' title='bbox 230 1697 312 1758; x_wconf 90' lang='lat' dir='ltr'>liunt</span> <span class='ocrx_word' id='word_1_134' title='bbox 331 1715 384 1777; x_wconf 92' lang='lat' dir='ltr'>per</span> <span class='ocrx_word' id='word_1_135' title='bbox 412 1713 445 1758; x_wconf 86' lang='lat' dir='ltr'>se</span> <span class='ocrx_word' id='word_1_136' title='bbox 465 1697 544 1758; x_wconf 90' lang='lat' dir='ltr'>bona</span> <span class='ocrx_word' id='word_1_137' title='bbox 571 1705 601 1758; x_wconf 90' lang='lat' dir='ltr'>et</span> <span class='ocrx_word' id='word_1_138' title='bbox 625 1697 664 1757; x_wconf 94' lang='lat' dir='ltr'>ob</span> <span class='ocrx_word' id='word_1_139' title='bbox 691 1697 833 1758; x_wconf 83' lang='lat' dir='ltr'>motivum</span> <span class='ocrx_word' id='word_1_140' title='bbox 877 1695 978 1758; x_wconf 91' lang='lat' dir='ltr'>latinis</span> <span class='ocrx_word' id='word_1_141' title='bbox 995 1699 1113 1776; x_wconf 82' lang='lat' dir='ltr'>afferre,</span> <span class='ocrx_word' id='word_1_142' title='bbox 1135 1712 1327 1782; x_wconf 90' lang='lat' dir='ltr'>praeceptum</span> <span class='ocrx_word' id='word_1_143' title='bbox 1343 1704 1478 1766; x_wconf 90' lang='lat' dir='ltr'>dilectio·</span> 
     </span>
     <span class='ocr_line' id='line_1_16' title="bbox 230 1764 1477 1868; baseline 0.008 -28"><span class='ocrx_word' id='word_1_144' title='bbox 230 1781 405 1860; x_wconf 90' lang='lat' dir='ltr'>proximum</span> <span class='ocrx_word' id='word_1_145' title='bbox 418 1764 542 1856; x_wconf 67' lang='lat' dir='ltr'>bdnum,</span> <span class='ocrx_word' id='word_1_146' title='bbox 558 1779 690 1860; x_wconf 87' lang='lat' dir='ltr'>perlecta</span> <span class='ocrx_word' id='word_1_147' title='bbox 702 1779 733 1840; x_wconf 90' lang='lat' dir='ltr'>in</span> <span class='ocrx_word' id='word_1_148' title='bbox 745 1799 778 1842; x_wconf 91' lang='lat' dir='ltr'>se</span> <span class='ocrx_word' id='word_1_149' title='bbox 789 1799 836 1842; x_wconf 89' lang='lat' dir='ltr'>es·</span> <span class='ocrx_word' id='word_1_150' title='bbox 876 1779 923 1842; x_wconf 92' lang='lat' dir='ltr'>nis</span> <span class='ocrx_word' id='word_1_151' title='bbox 942 1780 995 1842; x_wconf 86' lang='lat' dir='ltr'>Dei</span> <span class='ocrx_word' id='word_1_152' title='bbox 1014 1794 1207 1862; x_wconf 86' lang='lat' dir='ltr'>exponentes.</span> <span class='ocrx_word' id='word_1_153' title='bbox 1233 1784 1264 1848; x_wconf 89' lang='lat' dir='ltr'>S.</span> <span class='ocrx_word' id='word_1_154' title='bbox 1285 1787 1329 1848; x_wconf 93' lang='lat' dir='ltr'>lc.</span> <span class='ocrx_word' id='word_1_155' title='bbox 1346 1787 1477 1868; x_wconf 75' lang='lat' dir='ltr'>Chryso-</span> 
     </span>
     <span class='ocr_line' id='line_1_17' title="bbox 231 1863 1478 1950; baseline 0.005 -24"><span class='ocrx_word' id='word_1_156' title='bbox 231 1883 278 1940; x_wconf 86' lang='lat' dir='ltr'>se,</span> <span class='ocrx_word' id='word_1_157' title='bbox 300 1864 374 1943; x_wconf 91' lang='lat' dir='ltr'>quin</span> <span class='ocrx_word' id='word_1_158' title='bbox 405 1883 528 1926; x_wconf 89' lang='lat' dir='ltr'>necesse</span> <span class='ocrx_word' id='word_1_159' title='bbox 558 1864 597 1924; x_wconf 91' lang='lat' dir='ltr'>sit</span> <span class='ocrx_word' id='word_1_160' title='bbox 625 1863 781 1944; x_wconf 82' lang='lat' dir='ltr'>explicite,</span> <span class='ocrx_word' id='word_1_161' title='bbox 802 1874 835 1926; x_wconf 93' lang='lat' dir='ltr'>ut</span> <span class='ocrx_word' id='word_1_162' title='bbox 875 1872 1003 1942; x_wconf 90' lang='lat' dir='ltr'>stomus,</span> <span class='ocrx_word' id='word_1_163' title='bbox 1024 1867 1186 1946; x_wconf 83' lang='lat' dir='ltr'>explanans</span> <span class='ocrx_word' id='word_1_164' title='bbox 1205 1869 1257 1931; x_wconf 90' lang='lat' dir='ltr'>illa</span> <span class='ocrx_word' id='word_1_165' title='bbox 1271 1873 1398 1950; x_wconf 91' lang='lat' dir='ltr'>apostoli</span> <span class='ocrx_word' id='word_1_166' title='bbox 1413 1891 1478 1933; x_wconf 88' lang='lat' dir='ltr'>ver-</span> 
     </span>
     <span class='ocr_line' id='line_1_18' title="bbox 231 1946 1473 2033; baseline 0.005 -23"><span class='ocrx_word' id='word_1_167' title='bbox 231 1947 271 2010; x_wconf 85' lang='lat' dir='ltr'>ab</span> <span class='ocrx_word' id='word_1_168' title='bbox 291 1948 343 2025; x_wconf 89' lang='lat' dir='ltr'>iis,</span> <span class='ocrx_word' id='word_1_169' title='bbox 359 1947 412 2027; x_wconf 89' lang='lat' dir='ltr'>qui</span> <span class='ocrx_word' id='word_1_170' title='bbox 425 1947 516 2008; x_wconf 87' lang='lat' dir='ltr'>Deum</span> <span class='ocrx_word' id='word_1_171' title='bbox 533 1947 672 2024; x_wconf 84' lang='lat' dir='ltr'>diligunt,</span> <span class='ocrx_word' id='word_1_172' title='bbox 689 1947 719 2008; x_wconf 95' lang='lat' dir='ltr'>in</span> <span class='ocrx_word' id='word_1_173' title='bbox 738 1948 832 2009; x_wconf 87' lang='lat' dir='ltr'>Deum</span> <span class='ocrx_word' id='word_1_174' title='bbox 875 1946 931 2008; x_wconf 90' lang='lat' dir='ltr'>ba:</span> <span class='ocrx_word' id='word_1_175' title='bbox 952 1949 1062 2011; x_wconf 83' lang='lat' dir='ltr'>Omnia</span> <span class='ocrx_word' id='word_1_176' title='bbox 1079 1959 1177 2012; x_wconf 87' lang='lat' dir='ltr'>cestra</span> <span class='ocrx_word' id='word_1_177' title='bbox 1191 1953 1226 2012; x_wconf 90' lang='lat' dir='ltr'>iu</span> <span class='ocrx_word' id='word_1_178' title='bbox 1244 1956 1370 2016; x_wconf 85' lang='lat' dir='ltr'>caritate</span> <span class='ocrx_word' id='word_1_179' title='bbox 1386 1957 1473 2033; x_wconf 75' lang='lat' dir='ltr'>ficut,</span> 
     </span>
     <span class='ocr_line' id='line_1_19' title="bbox 231 2030 1477 2114; baseline 0.007 -22"><span class='ocrx_word' id='word_1_180' title='bbox 231 2041 378 2111; x_wconf 85' lang='lat' dir='ltr'>tanquam</span> <span class='ocrx_word' id='word_1_181' title='bbox 398 2033 486 2094; x_wconf 88' lang='lat' dir='ltr'>sxnem</span> <span class='ocrx_word' id='word_1_182' title='bbox 517 2031 656 2092; x_wconf 91' lang='lat' dir='ltr'>ultimum</span> <span class='ocrx_word' id='word_1_183' title='bbox 683 2040 713 2093; x_wconf 93' lang='lat' dir='ltr'>et</span> <span class='ocrx_word' id='word_1_184' title='bbox 742 2051 835 2114; x_wconf 87' lang='lat' dir='ltr'>super</span> <span class='ocrx_word' id='word_1_185' title='bbox 874 2030 1049 2110; x_wconf 85' lang='lat' dir='ltr'>interrogat:</span> <span class='ocrx_word' id='word_1_186' title='bbox 1064 2034 1143 2108; x_wconf 86' lang='lat' dir='ltr'>Ouid</span> <span class='ocrx_word' id='word_1_187' title='bbox 1156 2043 1198 2097; x_wconf 87' lang='lat' dir='ltr'>est</span> <span class='ocrx_word' id='word_1_188' title='bbox 1212 2036 1301 2099; x_wconf 87' lang='lat' dir='ltr'>illud:</span> <span class='ocrx_word' id='word_1_189' title='bbox 1320 2038 1429 2101; x_wconf 87' lang='lat' dir='ltr'>Omaia</span> <span class='ocrx_word' id='word_1_190' title='bbox 1443 2040 1477 2101; x_wconf 87' lang='lat' dir='ltr'>ic</span> 
     </span>
     <span class='ocr_line' id='line_1_20' title="bbox 231 2113 1477 2200; baseline 0.005 -22"><span class='ocrx_word' id='word_1_191' title='bbox 231 2116 338 2178; x_wconf 92' lang='lat' dir='ltr'>omnia</span> <span class='ocrx_word' id='word_1_192' title='bbox 356 2113 497 2178; x_wconf 89' lang='lat' dir='ltr'>dilectum</span> <span class='ocrx_word' id='word_1_193' title='bbox 512 2115 691 2176; x_wconf 86' lang='lat' dir='ltr'>referantur.</span> <span class='ocrx_word' id='word_1_194' title='bbox 873 2118 1018 2177; x_wconf 80' lang='lat' dir='ltr'>caritate?</span> <span class='ocrx_word' id='word_1_195' title='bbox 1031 2118 1100 2180; x_wconf 86' lang='lat' dir='ltr'>Sica</span> <span class='ocrx_word' id='word_1_196' title='bbox 1110 2119 1257 2198; x_wconf 78' lang='lat' dir='ltr'>quispiam</span> <span class='ocrx_word' id='word_1_197' title='bbox 1267 2121 1403 2200; x_wconf 81' lang='lat' dir='ltr'>increpat</span> <span class='ocrx_word' id='word_1_198' title='bbox 1416 2123 1477 2184; x_wconf 89' lang='lat' dir='ltr'>sice</span> 
     </span>
     <span class='ocr_line' id='line_1_21' title="bbox 277 2197 1477 2281; baseline 0.007 -21"><span class='ocrx_word' id='word_1_199' title='bbox 277 2200 352 2262; x_wconf 70' lang='lat'><strong>276.</strong></span> <span class='ocrx_word' id='word_1_200' title='bbox 370 2197 420 2261; x_wconf 87' lang='lat' dir='ltr'>Sic</span> <span class='ocrx_word' id='word_1_201' title='bbox 437 2208 537 2262; x_wconf 88' lang='lat' dir='ltr'>antem</span> <span class='ocrx_word' id='word_1_202' title='bbox 552 2197 618 2260; x_wconf 91' lang='lat' dir='ltr'>eius</span> <span class='ocrx_word' id='word_1_203' title='bbox 634 2198 788 2261; x_wconf 81' lang='lat' dir='ltr'>ueritatem</span> <span class='ocrx_word' id='word_1_204' title='bbox 801 2218 834 2261; x_wconf 92' lang='lat' dir='ltr'>o·</span> <span class='ocrx_word' id='word_1_205' title='bbox 873 2199 1070 2278; x_wconf 82' lang='lat' dir='ltr'>imperatrice</span> <span class='ocrx_word' id='word_1_206' title='bbox 1082 2211 1167 2279; x_wconf 85' lang='lat' dir='ltr'>paret</span> <span class='ocrx_word' id='word_1_207' title='bbox 1177 2204 1380 2281; x_wconf 85' lang='lat' dir='ltr'>imperic,sice</span> <span class='ocrx_word' id='word_1_208' title='bbox 1391 2207 1477 2268; x_wconf 78' lang='lat' dir='ltr'>discit</span> 
     </span>
     <span class='ocr_line' id='line_1_22' title="bbox 233 2282 1473 2369; baseline 0.002 -24"><span class='ocrx_word' id='word_1_209' title='bbox 233 2283 422 2345; x_wconf 86' lang='lat' dir='ltr'>stendimus:</span> <span class='ocrx_word' id='word_1_210' title='bbox 443 2283 513 2344; x_wconf 91' lang='lat' dir='ltr'>ldeo</span> <span class='ocrx_word' id='word_1_211' title='bbox 532 2291 650 2362; x_wconf 89' lang='lat' dir='ltr'>praeter</span> <span class='ocrx_word' id='word_1_212' title='bbox 672 2282 755 2345; x_wconf 91' lang='lat' dir='ltr'>illam</span> <span class='ocrx_word' id='word_1_213' title='bbox 781 2302 833 2344; x_wconf 89' lang='lat' dir='ltr'>ra-</span> <span class='ocrx_word' id='word_1_214' title='bbox 872 2283 935 2344; x_wconf 88' lang='lat' dir='ltr'>sice</span> <span class='ocrx_word' id='word_1_215' title='bbox 952 2282 1249 2348; x_wconf 64' lang='lat' dir='ltr'>dccetz‘omuiaaum</span> <span class='ocrx_word' id='word_1_216' title='bbox 1263 2289 1389 2350; x_wconf 87' lang='lat' dir='ltr'>acritate</span> <span class='ocrx_word' id='word_1_217' title='bbox 1413 2290 1473 2369; x_wconf 92' lang='lat' dir='ltr'>(l).</span> 
     </span>
     <span class='ocr_line' id='line_1_23' title="bbox 231 2364 1477 2453; baseline 0.006 -25"><span class='ocrx_word' id='word_1_218' title='bbox 231 2368 361 2445; x_wconf 91' lang='lat' dir='ltr'>tionem,</span> <span class='ocrx_word' id='word_1_219' title='bbox 385 2385 445 2447; x_wconf 89' lang='lat' dir='ltr'>qua</span> <span class='ocrx_word' id='word_1_220' title='bbox 472 2366 606 2429; x_wconf 86' lang='lat' dir='ltr'>actiones</span> <span class='ocrx_word' id='word_1_221' title='bbox 628 2375 747 2428; x_wconf 90' lang='lat' dir='ltr'>nostras</span> <span class='ocrx_word' id='word_1_222' title='bbox 764 2386 832 2429; x_wconf 91' lang='lat' dir='ltr'>cum</span> <span class='ocrx_word' id='word_1_223' title='bbox 874 2364 904 2426; x_wconf 91' lang='lat' dir='ltr'>S.</span> <span class='ocrx_word' id='word_1_224' title='bbox 918 2386 988 2429; x_wconf 85' lang='lat' dir='ltr'>xero</span> <span class='ocrx_word' id='word_1_225' title='bbox 1003 2368 1186 2446; x_wconf 82' lang='lat' dir='ltr'>Augustinus</span> <span class='ocrx_word' id='word_1_226' title='bbox 1200 2370 1322 2432; x_wconf 88' lang='lat' dir='ltr'>scribit:</span> <span class='ocrx_word' id='word_1_227' title='bbox 1342 2373 1477 2453; x_wconf 73' lang='lat' dir='ltr'>Suppara</span> 
     </span>
     <span class='ocr_line' id='line_1_24' title="bbox 232 2451 1477 2532; baseline 0.006 -20"><span class='ocrx_word' id='word_1_228' title='bbox 232 2470 269 2512; x_wconf 92' lang='lat' dir='ltr'>ex</span> <span class='ocrx_word' id='word_1_229' title='bbox 289 2460 373 2532; x_wconf 92' lang='lat' dir='ltr'>parte</span> <span class='ocrx_word' id='word_1_230' title='bbox 393 2451 491 2531; x_wconf 92' lang='lat' dir='ltr'>operis</span> <span class='ocrx_word' id='word_1_231' title='bbox 517 2458 580 2512; x_wconf 94' lang='lat' dir='ltr'>tum</span> <span class='ocrx_word' id='word_1_232' title='bbox 600 2459 737 2531; x_wconf 89' lang='lat' dir='ltr'>exparte</span> <span class='ocrx_word' id='word_1_233' title='bbox 759 2470 832 2532; x_wconf 92' lang='lat' dir='ltr'>ope·</span> <span class='ocrx_word' id='word_1_234' title='bbox 873 2452 1048 2529; x_wconf 84' lang='lat' dir='ltr'>remedium,</span> <span class='ocrx_word' id='word_1_235' title='bbox 1083 2455 1163 2515; x_wconf 88' lang='lat' dir='ltr'>uude</span> <span class='ocrx_word' id='word_1_236' title='bbox 1199 2461 1259 2515; x_wconf 84' lang='lat' dir='ltr'>tota</span> <span class='ocrx_word' id='word_1_237' title='bbox 1298 2457 1345 2517; x_wconf 88' lang='lat' dir='ltr'>die</span> <span class='ocrx_word' id='word_1_238' title='bbox 1376 2457 1477 2519; x_wconf 64' lang='lat' dir='ltr'>laima</span> 
     </span>
     <span class='ocr_line' id='line_1_25' title="bbox 231 2534 1584 2620; baseline 0.007 -26"><span class='ocrx_word' id='word_1_239' title='bbox 231 2535 329 2596; x_wconf 86' lang='lat' dir='ltr'>rantis</span> <span class='ocrx_word' id='word_1_240' title='bbox 355 2535 385 2596; x_wconf 94' lang='lat' dir='ltr'>in</span> <span class='ocrx_word' id='word_1_241' title='bbox 418 2535 506 2596; x_wconf 82' lang='lat' dir='ltr'>baem</span> <span class='ocrx_word' id='word_1_242' title='bbox 525 2534 692 2614; x_wconf 90' lang='lat' dir='ltr'>proximum</span> <span class='ocrx_word' id='word_1_243' title='bbox 713 2534 831 2614; x_wconf 91' lang='lat' dir='ltr'>bonas,</span> <span class='ocrx_word' id='word_1_244' title='bbox 874 2535 979 2610; x_wconf 86' lang='lat' dir='ltr'>Deum,</span> <span class='ocrx_word' id='word_1_245' title='bbox 999 2536 1027 2596; x_wconf 90' lang='lat' dir='ltr'>si</span> <span class='ocrx_word' id='word_1_246' title='bbox 1047 2537 1108 2609; x_wconf 89' lang='lat' dir='ltr'>cis,·</span> <span class='ocrx_word' id='word_1_247' title='bbox 1125 2538 1269 2616; x_wconf 76' lang='lat' dir='ltr'>quidquid</span> <span class='ocrx_word' id='word_1_248' title='bbox 1280 2540 1387 2620; x_wconf 68' lang='lat' dir='ltr'>eperia</span> <span class='ocrx_word' id='word_1_249' title='bbox 1405 2543 1477 2603; x_wconf 85' lang='lat' dir='ltr'>bene</span> <span class='ocrx_word' id='word_1_250' title='bbox 1581 2604 1584 2609; x_wconf 86' lang='grc'><em>,</em></span> 
     </span>
     <span class='ocr_line' id='line_1_26' title="bbox 232 2618 1475 2700; baseline 0.006 -21"><span class='ocrx_word' id='word_1_251' title='bbox 232 2638 268 2679; x_wconf 90' lang='lat' dir='ltr'>ex</span> <span class='ocrx_word' id='word_1_252' title='bbox 288 2627 446 2699; x_wconf 90' lang='lat' dir='ltr'>praecepto</span> <span class='ocrx_word' id='word_1_253' title='bbox 465 2618 598 2679; x_wconf 88' lang='lat' dir='ltr'>caritatis</span> <span class='ocrx_word' id='word_1_254' title='bbox 623 2619 786 2696; x_wconf 84' lang='lat' dir='ltr'>generatim</span> <span class='ocrx_word' id='word_1_255' title='bbox 802 2619 832 2679; x_wconf 93' lang='lat' dir='ltr'>in</span> <span class='ocrx_word' id='word_1_256' title='bbox 873 2635 939 2697; x_wconf 78' lang='lat' dir='ltr'>ape,</span> <span class='ocrx_word' id='word_1_257' title='bbox 952 2626 979 2680; x_wconf 92' lang='lat' dir='ltr'>et</span> <span class='ocrx_word' id='word_1_258' title='bbox 997 2621 1126 2681; x_wconf 85' lang='lat' dir='ltr'>laudasti</span> <span class='ocrx_word' id='word_1_259' title='bbox 1144 2622 1253 2695; x_wconf 68' lang='lat' dir='ltr'>Deum·</span> <span class='ocrx_word' id='word_1_260' title='bbox 1266 2624 1385 2700; x_wconf 79' lang='lat' dir='ltr'>quaudo</span> <span class='ocrx_word' id='word_1_261' title='bbox 1402 2643 1475 2686; x_wconf 84' lang='lat' dir='ltr'>aaa·</span> 
     </span>
     <span class='ocr_line' id='line_1_27' title="bbox 232 2701 1478 2784; baseline 0.004 -21"><span class='ocrx_word' id='word_1_262' title='bbox 232 2701 331 2764; x_wconf 89' lang='lat' dir='ltr'>Deum</span> <span class='ocrx_word' id='word_1_263' title='bbox 351 2702 522 2777; x_wconf 59' lang='lat' dir='ltr'>referimus</span> <span class='ocrx_word' id='word_1_264' title='bbox 538 2718 661 2763; x_wconf 88' lang='lat' dir='ltr'>necesse</span> <span class='ocrx_word' id='word_1_265' title='bbox 678 2703 756 2762; x_wconf 84' lang='lat' dir='ltr'>soret</span> <span class='ocrx_word' id='word_1_266' title='bbox 770 2721 834 2764; x_wconf 92' lang='lat' dir='ltr'>eas·</span> <span class='ocrx_word' id='word_1_267' title='bbox 874 2709 919 2762; x_wconf 86' lang='lat' dir='ltr'>tas</span> <span class='ocrx_word' id='word_1_268' title='bbox 936 2703 1091 2780; x_wconf 77' lang='lat' dir='ltr'>bymuum,</span> <span class='ocrx_word' id='word_1_269' title='bbox 1102 2704 1209 2768; x_wconf 85' lang='lat' dir='ltr'>laudas</span> <span class='ocrx_word' id='word_1_270' title='bbox 1222 2706 1355 2766; x_wconf 86' lang='lat' dir='ltr'>Deum...</span> <span class='ocrx_word' id='word_1_271' title='bbox 1368 2715 1395 2768; x_wconf 93' lang='lat' dir='ltr'>et</span> <span class='ocrx_word' id='word_1_272' title='bbox 1407 2725 1478 2784; x_wconf 86' lang='lat' dir='ltr'>puc-</span> 
     </span>
     <span class='ocr_line' id='line_1_28' title="bbox 233 2785 1473 2866; baseline 0.005 -21"><span class='ocrx_word' id='word_1_273' title='bbox 233 2786 302 2848; x_wconf 89' lang='lat' dir='ltr'>dem</span> <span class='ocrx_word' id='word_1_274' title='bbox 327 2787 439 2848; x_wconf 83' lang='lat' dir='ltr'>referre</span> <span class='ocrx_word' id='word_1_275' title='bbox 463 2785 600 2866; x_wconf 85' lang='lat' dir='ltr'>explicite</span> <span class='ocrx_word' id='word_1_276' title='bbox 630 2803 665 2846; x_wconf 90' lang='lat' dir='ltr'>aa</span> <span class='ocrx_word' id='word_1_277' title='bbox 688 2786 833 2866; x_wconf 91' lang='lat' dir='ltr'>peculiari</span> <span class='ocrx_word' id='word_1_278' title='bbox 875 2785 930 2846; x_wconf 87' lang='lat' dir='ltr'>ties</span> <span class='ocrx_word' id='word_1_279' title='bbox 955 2788 1071 2847; x_wconf 84' lang='lat' dir='ltr'>cessasti</span> <span class='ocrx_word' id='word_1_280' title='bbox 1093 2789 1131 2849; x_wconf 83' lang='lat' dir='ltr'>ab</span> <span class='ocrx_word' id='word_1_281' title='bbox 1160 2787 1270 2864; x_wconf 77' lang='lat' dir='ltr'>bymuc</span> <span class='ocrx_word' id='word_1_282' title='bbox 1302 2793 1473 2865; x_wconf 78' lang='lat' dir='ltr'>cantando,</span> 
     </span>
     <span class='ocr_line' id='line_1_29' title="bbox 232 2868 1473 2950; baseline 0.004 -20"><span class='ocrx_word' id='word_1_283' title='bbox 232 2869 374 2932; x_wconf 90' lang='lat' dir='ltr'>distincta</span> <span class='ocrx_word' id='word_1_284' title='bbox 396 2870 542 2932; x_wconf 86' lang='lat' dir='ltr'>relatione</span> <span class='ocrx_word' id='word_1_285' title='bbox 574 2868 612 2930; x_wconf 93' lang='lat' dir='ltr'>ad</span> <span class='ocrx_word' id='word_1_286' title='bbox 640 2869 754 2948; x_wconf 83' lang='lat' dir='ltr'>Deum,</span> <span class='ocrx_word' id='word_1_287' title='bbox 787 2870 840 2930; x_wconf 85' lang='lat' dir='ltr'>uel</span> <span class='ocrx_word' id='word_1_288' title='bbox 873 2869 1008 2946; x_wconf 82' lang='lat' dir='ltr'>discedis,</span> <span class='ocrx_word' id='word_1_289' title='bbox 1028 2877 1062 2931; x_wconf 95' lang='lat' dir='ltr'>ut</span> <span class='ocrx_word' id='word_1_290' title='bbox 1079 2870 1241 2947; x_wconf 78' lang='lat' dir='ltr'>reficiaris,</span> <span class='ocrx_word' id='word_1_291' title='bbox 1262 2872 1327 2933; x_wconf 85' lang='lat' dir='ltr'>ccli</span> <span class='ocrx_word' id='word_1_292' title='bbox 1347 2874 1473 2950; x_wconf 84' lang='lat' dir='ltr'>ebriari,</span> 
     </span>
     <span class='ocr_line' id='line_1_30' title="bbox 232 2952 1475 3033; baseline 0.004 -21"><span class='ocrx_word' id='word_1_293' title='bbox 232 2954 305 3032; x_wconf 84' lang='lat' dir='ltr'>quia</span> <span class='ocrx_word' id='word_1_294' title='bbox 325 2963 441 3015; x_wconf 88' lang='lat' dir='ltr'>extaret</span> <span class='ocrx_word' id='word_1_295' title='bbox 454 2953 624 3014; x_wconf 90' lang='lat' dir='ltr'>distinctum</span> <span class='ocrx_word' id='word_1_296' title='bbox 643 2961 832 3033; x_wconf 89' lang='lat' dir='ltr'>praeceptum</span> <span class='ocrx_word' id='word_1_297' title='bbox 874 2959 900 3012; x_wconf 90' lang='lat' dir='ltr'>et</span> <span class='ocrx_word' id='word_1_298' title='bbox 913 2952 1044 3014; x_wconf 87' lang='lat' dir='ltr'>laudasti</span> <span class='ocrx_word' id='word_1_299' title='bbox 1059 2953 1167 3026; x_wconf 87' lang='lat' dir='ltr'>Deum;</span> <span class='ocrx_word' id='word_1_300' title='bbox 1189 2955 1324 3031; x_wconf 85' lang='lat' dir='ltr'>discedis,</span> <span class='ocrx_word' id='word_1_301' title='bbox 1348 2964 1384 3017; x_wconf 92' lang='lat' dir='ltr'>ct</span> <span class='ocrx_word' id='word_1_302' title='bbox 1402 2958 1475 3017; x_wconf 84' lang='lat' dir='ltr'>dor-</span> 
     </span>
     <span class='ocr_line' id='line_1_31' title="bbox 232 3036 1475 3118; baseline 0.003 -20"><span class='ocrx_word' id='word_1_303' title='bbox 232 3057 285 3099; x_wconf 90' lang='lat' dir='ltr'>eas</span> <span class='ocrx_word' id='word_1_304' title='bbox 300 3037 473 3115; x_wconf 81' lang='lat' dir='ltr'>singillatim</span> <span class='ocrx_word' id='word_1_305' title='bbox 489 3037 550 3098; x_wconf 85' lang='lat' dir='ltr'>sive</span> <span class='ocrx_word' id='word_1_306' title='bbox 565 3036 731 3098; x_wconf 81' lang='lat' dir='ltr'>formaliter</span> <span class='ocrx_word' id='word_1_307' title='bbox 747 3036 778 3096; x_wconf 93' lang='lat' dir='ltr'>in</span> <span class='ocrx_word' id='word_1_308' title='bbox 796 3055 832 3098; x_wconf 92' lang='lat' dir='ltr'>a·</span> <span class='ocrx_word' id='word_1_309' title='bbox 872 3036 960 3108; x_wconf 83' lang='lat' dir='ltr'>miae,</span> <span class='ocrx_word' id='word_1_310' title='bbox 987 3036 1051 3097; x_wconf 85' lang='lat' dir='ltr'>ccli</span> <span class='ocrx_word' id='word_1_311' title='bbox 1068 3053 1192 3116; x_wconf 78' lang='lat' dir='ltr'>surpere</span> <span class='ocrx_word' id='word_1_312' title='bbox 1209 3039 1248 3100; x_wconf 91' lang='lat' dir='ltr'>od</span> <span class='ocrx_word' id='word_1_313' title='bbox 1266 3040 1342 3101; x_wconf 88' lang='lat' dir='ltr'>maie</span> <span class='ocrx_word' id='word_1_314' title='bbox 1359 3040 1475 3118; x_wconf 79' lang='lat' dir='ltr'>sacien-</span> 
     </span>
     <span class='ocr_line' id='line_1_32' title="bbox 232 3118 1474 3202; baseline 0.002 -20"><span class='ocrx_word' id='word_1_315' title='bbox 232 3132 282 3184; x_wconf 89' lang='lat' dir='ltr'>etc</span> <span class='ocrx_word' id='word_1_316' title='bbox 302 3121 365 3184; x_wconf 88' lang='lat' dir='ltr'>sive</span> <span class='ocrx_word' id='word_1_317' title='bbox 382 3122 488 3183; x_wconf 89' lang='lat' dir='ltr'>saltem</span> <span class='ocrx_word' id='word_1_318' title='bbox 506 3120 615 3182; x_wconf 88' lang='lat' dir='ltr'>virtute</span> <span class='ocrx_word' id='word_1_319' title='bbox 631 3119 781 3180; x_wconf 79' lang='lat' dir='ltr'>referendi</span> <span class='ocrx_word' id='word_1_320' title='bbox 797 3139 832 3182; x_wconf 89' lang='lat' dir='ltr'>ex</span> <span class='ocrx_word' id='word_1_321' title='bbox 871 3118 954 3196; x_wconf 86' lang='lat' dir='ltr'>dum,</span> <span class='ocrx_word' id='word_1_322' title='bbox 974 3128 1001 3181; x_wconf 89' lang='lat' dir='ltr'>et</span> <span class='ocrx_word' id='word_1_323' title='bbox 1019 3121 1148 3182; x_wconf 72' lang='lat' dir='ltr'>wudmti</span> <span class='ocrx_word' id='word_1_324' title='bbox 1167 3124 1262 3184; x_wconf 82' lang='lat' dir='ltr'>Deum</span> <span class='ocrx_word' id='word_1_325' title='bbox 1269 3146 1283 3195; x_wconf 90' lang='lat'>,·</span> <span class='ocrx_word' id='word_1_326' title='bbox 1299 3124 1420 3202; x_wconf 76' lang='lat' dir='ltr'>capolia</span> <span class='ocrx_word' id='word_1_327' title='bbox 1437 3141 1474 3185; x_wconf 88' lang='lat' dir='ltr'>a·</span> 
     </span>
     <span class='ocr_line' id='line_1_33' title="bbox 232 3204 1474 3286; baseline 0.002 -20"><span class='ocrx_word' id='word_1_328' title='bbox 232 3205 358 3268; x_wconf 88' lang='lat' dir='ltr'>caritate</span> <span class='ocrx_word' id='word_1_329' title='bbox 379 3206 545 3286; x_wconf 88' lang='lat' dir='ltr'>imperante</span> <span class='ocrx_word' id='word_1_330' title='bbox 560 3205 636 3266; x_wconf 90' lang='lat' dir='ltr'>hanc</span> <span class='ocrx_word' id='word_1_331' title='bbox 654 3204 830 3265; x_wconf 91' lang='lat' dir='ltr'>relationem</span> <span class='ocrx_word' id='word_1_332' title='bbox 870 3204 928 3282; x_wconf 75' lang='lat' dir='ltr'>ais,</span> <span class='ocrx_word' id='word_1_333' title='bbox 948 3204 1012 3265; x_wconf 88' lang='lat' dir='ltr'>ocii</span> <span class='ocrx_word' id='word_1_334' title='bbox 1028 3206 1168 3284; x_wconf 77' lang='lat' dir='ltr'>fraudem</span> <span class='ocrx_word' id='word_1_335' title='bbox 1185 3206 1301 3285; x_wconf 71' lang='lat' dir='ltr'>facere,</span> <span class='ocrx_word' id='word_1_336' title='bbox 1320 3215 1347 3268; x_wconf 91' lang='lat' dir='ltr'>et</span> <span class='ocrx_word' id='word_1_337' title='bbox 1365 3208 1474 3274; x_wconf 78' lang='lat' dir='ltr'>lauda,-</span> 
     </span>
     <span class='ocr_line' id='line_1_34' title="bbox 232 3287 1475 3370; baseline 0.003 -21"><span class='ocrx_word' id='word_1_338' title='bbox 232 3290 264 3350; x_wconf 92' lang='lat' dir='ltr'>in</span> <span class='ocrx_word' id='word_1_339' title='bbox 283 3289 379 3352; x_wconf 87' lang='lat' dir='ltr'>Deum</span> <span class='ocrx_word' id='word_1_340' title='bbox 400 3307 454 3370; x_wconf 90' lang='lat' dir='ltr'>per</span> <span class='ocrx_word' id='word_1_341' title='bbox 471 3307 503 3350; x_wconf 90' lang='lat' dir='ltr'>se</span> <span class='ocrx_word' id='word_1_342' title='bbox 526 3289 669 3350; x_wconf 90' lang='lat' dir='ltr'>dilectum</span> <span class='ocrx_word' id='word_1_343' title='bbox 688 3296 718 3349; x_wconf 90' lang='lat' dir='ltr'>et</span> <span class='ocrx_word' id='word_1_344' title='bbox 741 3290 830 3350; x_wconf 85' lang='lat' dir='ltr'>linem</span> <span class='ocrx_word' id='word_1_345' title='bbox 871 3288 910 3350; x_wconf 88' lang='lat' dir='ltr'>sti</span> <span class='ocrx_word' id='word_1_346' title='bbox 925 3287 1020 3350; x_wconf 84' lang='lat' dir='ltr'>Deum</span> <span class='ocrx_word' id='word_1_347' title='bbox 1028 3312 1041 3362; x_wconf 89' lang='lat'><em>;</em></span> <span class='ocrx_word' id='word_1_348' title='bbox 1059 3305 1171 3350; x_wconf 88' lang='lat' dir='ltr'>aarum</span> <span class='ocrx_word' id='word_1_349' title='bbox 1187 3290 1280 3366; x_wconf 88' lang='lat' dir='ltr'>colis,</span> <span class='ocrx_word' id='word_1_350' title='bbox 1304 3291 1369 3352; x_wconf 86' lang='lat' dir='ltr'>coli</span> <span class='ocrx_word' id='word_1_351' title='bbox 1395 3292 1475 3353; x_wconf 89' lang='lat' dir='ltr'>litem</span> 
     </span>
     <span class='ocr_line' id='line_1_35' title="bbox 231 3372 1474 3452; baseline 0.003 -20"><span class='ocrx_word' id='word_1_352' title='bbox 231 3373 386 3449; x_wconf 85' lang='lat' dir='ltr'>ultimum,</span> <span class='ocrx_word' id='word_1_353' title='bbox 401 3374 448 3435; x_wconf 84' lang='lat' dir='ltr'>uel</span> <span class='ocrx_word' id='word_1_354' title='bbox 463 3373 533 3452; x_wconf 86' lang='lat' dir='ltr'>quia</span> <span class='ocrx_word' id='word_1_355' title='bbox 552 3372 761 3434; x_wconf 85' lang='lat' dir='ltr'>necessitatem</span> <span class='ocrx_word' id='word_1_356' title='bbox 777 3373 833 3435; x_wconf 92' lang='lat' dir='ltr'>bu·</span> <span class='ocrx_word' id='word_1_357' title='bbox 871 3390 1000 3448; x_wconf 88' lang='lat' dir='ltr'>mouere,</span> <span class='ocrx_word' id='word_1_358' title='bbox 1016 3382 1044 3435; x_wconf 89' lang='lat' dir='ltr'>et</span> <span class='ocrx_word' id='word_1_359' title='bbox 1058 3373 1191 3436; x_wconf 78' lang='lat' dir='ltr'>laudasti</span> <span class='ocrx_word' id='word_1_360' title='bbox 1210 3373 1313 3435; x_wconf 83' lang='lat' dir='ltr'>Deum.</span> <span class='ocrx_word' id='word_1_361' title='bbox 1333 3375 1474 3437; x_wconf 82' lang='lat' dir='ltr'>laicac-</span> 
     </span>
     <span class='ocr_line' id='line_1_36' title="bbox 230 3455 1476 3536; baseline 0.002 -19"><span class='ocrx_word' id='word_1_362' title='bbox 230 3459 279 3520; x_wconf 90' lang='lat' dir='ltr'>ius</span> <span class='ocrx_word' id='word_1_363' title='bbox 298 3457 457 3520; x_wconf 89' lang='lat' dir='ltr'>distinctae</span> <span class='ocrx_word' id='word_1_364' title='bbox 474 3456 629 3518; x_wconf 89' lang='lat' dir='ltr'>relationis</span> <span class='ocrx_word' id='word_1_365' title='bbox 647 3456 679 3517; x_wconf 95' lang='lat' dir='ltr'>in</span> <span class='ocrx_word' id='word_1_366' title='bbox 690 3455 783 3517; x_wconf 88' lang='lat' dir='ltr'>Deum</span> <span class='ocrx_word' id='word_1_367' title='bbox 801 3476 833 3518; x_wconf 88' lang='lat' dir='ltr'>a·</span> <span class='ocrx_word' id='word_1_368' title='bbox 871 3457 969 3518; x_wconf 83' lang='lat' dir='ltr'>centia</span> <span class='ocrx_word' id='word_1_369' title='bbox 986 3473 1108 3534; x_wconf 87' lang='lat' dir='ltr'>operum</span> <span class='ocrx_word' id='word_1_370' title='bbox 1127 3463 1248 3518; x_wconf 79' lang='lat' dir='ltr'>tucrum</span> <span class='ocrx_word' id='word_1_371' title='bbox 1265 3473 1417 3536; x_wconf 82' lang='lat' dir='ltr'>praepara</span> <span class='ocrx_word' id='word_1_372' title='bbox 1448 3466 1476 3519; x_wconf 89' lang='lat' dir='ltr'>te</span> 
     </span>
     <span class='ocr_line' id='line_1_37' title="bbox 230 3539 1470 3622; baseline -0.002 -20"><span class='ocrx_word' id='word_1_373' title='bbox 230 3541 316 3622; x_wconf 87' lang='lat' dir='ltr'>liqna</span> <span class='ocrx_word' id='word_1_374' title='bbox 337 3541 415 3603; x_wconf 89' lang='lat' dir='ltr'>ratio</span> <span class='ocrx_word' id='word_1_375' title='bbox 432 3540 599 3617; x_wconf 79' lang='lat' dir='ltr'>theologica</span> <span class='ocrx_word' id='word_1_376' title='bbox 612 3539 763 3602; x_wconf 87' lang='lat' dir='ltr'>suaderet.</span> <span class='ocrx_word' id='word_1_377' title='bbox 783 3540 833 3602; x_wconf 83' lang='lat' dir='ltr'>tt·</span> <span class='ocrx_word' id='word_1_378' title='bbox 872 3541 911 3600; x_wconf 91' lang='lat' dir='ltr'>ad</span> <span class='ocrx_word' id='word_1_379' title='bbox 930 3540 1117 3602; x_wconf 82' lang='lat' dir='ltr'>loradaudum</span> <span class='ocrx_word' id='word_1_380' title='bbox 1141 3540 1237 3600; x_wconf 84' lang='lat' dir='ltr'>Deam</span> <span class='ocrx_word' id='word_1_381' title='bbox 1261 3547 1323 3601; x_wconf 89' lang='lat' dir='ltr'>tota</span> <span class='ocrx_word' id='word_1_382' title='bbox 1346 3541 1394 3601; x_wconf 74' lang='lat' dir='ltr'>dre</span> <span class='ocrx_word' id='word_1_383' title='bbox 1408 3540 1470 3620; x_wconf 73' lang='lat'><strong>(2).</strong></span> 
     </span>
     <span class='ocr_line' id='line_1_38' title="bbox 229 3621 1473 3706; baseline -0.002 -19"><span class='ocrx_word' id='word_1_384' title='bbox 229 3626 283 3706; x_wconf 90' lang='lat' dir='ltr'>qui</span> <span class='ocrx_word' id='word_1_385' title='bbox 302 3634 444 3688; x_wconf 92' lang='lat' dir='ltr'>neutrum</span> <span class='ocrx_word' id='word_1_386' title='bbox 463 3627 569 3686; x_wconf 93' lang='lat' dir='ltr'>horum</span> <span class='ocrx_word' id='word_1_387' title='bbox 586 3623 645 3685; x_wconf 91' lang='lat' dir='ltr'>diei</span> <span class='ocrx_word' id='word_1_388' title='bbox 663 3632 771 3706; x_wconf 90' lang='lat' dir='ltr'>potest.</span> <span class='ocrx_word' id='word_1_389' title='bbox 872 3623 914 3684; x_wconf 85' lang='lat' dir='ltr'>Ex</span> <span class='ocrx_word' id='word_1_390' title='bbox 933 3622 1045 3702; x_wconf 91' lang='lat' dir='ltr'>quibus</span> <span class='ocrx_word' id='word_1_391' title='bbox 1060 3629 1151 3702; x_wconf 89' lang='lat' dir='ltr'>patet,</span> <span class='ocrx_word' id='word_1_392' title='bbox 1168 3621 1206 3682; x_wconf 94' lang='lat' dir='ltr'>ad</span> <span class='ocrx_word' id='word_1_393' title='bbox 1222 3621 1406 3702; x_wconf 92' lang='lat' dir='ltr'>implendum</span> <span class='ocrx_word' id='word_1_394' title='bbox 1420 3642 1473 3684; x_wconf 91' lang='lat' dir='ltr'>ca·</span> 
     </span>
     <span class='ocr_line' id='line_1_39' title="bbox 273 3705 1473 3790; baseline -0.003 -19"><span class='ocrx_word' id='word_1_395' title='bbox 273 3710 350 3772; x_wconf 68' lang='grc' dir='ltr'>ΞΠ.</span> <span class='ocrx_word' id='word_1_396' title='bbox 370 3709 434 3770; x_wconf 89' lang='lat' dir='ltr'>Non</span> <span class='ocrx_word' id='word_1_397' title='bbox 450 3709 592 3790; x_wconf 86' lang='lat' dir='ltr'>primum,</span> <span class='ocrx_word' id='word_1_398' title='bbox 612 3707 684 3788; x_wconf 90' lang='lat' dir='ltr'>qnia</span> <span class='ocrx_word' id='word_1_399' title='bbox 701 3707 833 3769; x_wconf 91' lang='lat' dir='ltr'>eiusmo-</span> <span class='ocrx_word' id='word_1_400' title='bbox 871 3706 969 3767; x_wconf 85' lang='lat' dir='ltr'>nitatis</span> <span class='ocrx_word' id='word_1_401' title='bbox 986 3714 1177 3786; x_wconf 89' lang='lat' dir='ltr'>praeceptum</span> <span class='ocrx_word' id='word_1_402' title='bbox 1201 3705 1274 3766; x_wconf 89' lang='lat' dir='ltr'>satis</span> <span class='ocrx_word' id='word_1_403' title='bbox 1292 3723 1359 3767; x_wconf 91' lang='lat' dir='ltr'>esse</span> <span class='ocrx_word' id='word_1_404' title='bbox 1377 3705 1473 3767; x_wconf 91' lang='lat' dir='ltr'>inter-</span> 
     </span>
     <span class='ocr_line' id='line_1_40' title="bbox 231 3788 1474 3875; baseline -0.002 -22"><span class='ocrx_word' id='word_1_405' title='bbox 231 3792 260 3854; x_wconf 92' lang='lat' dir='ltr'>di</span> <span class='ocrx_word' id='word_1_406' title='bbox 281 3803 474 3875; x_wconf 91' lang='lat' dir='ltr'>praeceptum</span> <span class='ocrx_word' id='word_1_407' title='bbox 495 3792 668 3854; x_wconf 85' lang='lat' dir='ltr'>distinctum</span> <span class='ocrx_word' id='word_1_408' title='bbox 693 3791 831 3872; x_wconf 87' lang='lat' dir='ltr'>nuspiam</span> <span class='ocrx_word' id='word_1_409' title='bbox 872 3789 1016 3870; x_wconf 86' lang='lat' dir='ltr'>pretative</span> <span class='ocrx_word' id='word_1_410' title='bbox 1035 3789 1168 3850; x_wconf 92' lang='lat' dir='ltr'>actiones</span> <span class='ocrx_word' id='word_1_411' title='bbox 1185 3807 1255 3850; x_wconf 90' lang='lat' dir='ltr'>snas</span> <span class='ocrx_word' id='word_1_412' title='bbox 1268 3788 1300 3849; x_wconf 95' lang='lat' dir='ltr'>in</span> <span class='ocrx_word' id='word_1_413' title='bbox 1314 3789 1409 3850; x_wconf 79' lang='lat' dir='ltr'>licum</span> <span class='ocrx_word' id='word_1_414' title='bbox 1425 3809 1474 3850; x_wconf 92' lang='lat' dir='ltr'>re-</span> 
     </span>
     <span class='ocr_line' id='line_1_41' title="bbox 231 3872 1472 3958; baseline -0.004 -20"><span class='ocrx_word' id='word_1_415' title='bbox 231 3877 294 3939; x_wconf 80' lang='lat' dir='ltr'>sine</span> <span class='ocrx_word' id='word_1_416' title='bbox 316 3876 348 3938; x_wconf 92' lang='lat' dir='ltr'>in</span> <span class='ocrx_word' id='word_1_417' title='bbox 370 3875 532 3958; x_wconf 84' lang='lat' dir='ltr'>Scripturis</span> <span class='ocrx_word' id='word_1_418' title='bbox 555 3876 617 3937; x_wconf 88' lang='lat' dir='ltr'>sive</span> <span class='ocrx_word' id='word_1_419' title='bbox 640 3875 671 3936; x_wconf 88' lang='lat' dir='ltr'>in</span> <span class='ocrx_word' id='word_1_420' title='bbox 697 3874 832 3956; x_wconf 90' lang='lat' dir='ltr'>patribus</span> <span class='ocrx_word' id='word_1_421' title='bbox 871 3875 961 3950; x_wconf 88' lang='lat' dir='ltr'>lerre,</span> <span class='ocrx_word' id='word_1_422' title='bbox 980 3890 1014 3934; x_wconf 91' lang='lat' dir='ltr'>ac</span> <span class='ocrx_word' id='word_1_423' title='bbox 1029 3881 1148 3953; x_wconf 90' lang='lat' dir='ltr'>praeter</span> <span class='ocrx_word' id='word_1_424' title='bbox 1163 3881 1248 3933; x_wconf 91' lang='lat' dir='ltr'>actus</span> <span class='ocrx_word' id='word_1_425' title='bbox 1269 3872 1338 3932; x_wconf 90' lang='lat' dir='ltr'>illos</span> <span class='ocrx_word' id='word_1_426' title='bbox 1357 3872 1472 3933; x_wconf 82' lang='lat' dir='ltr'>sorma-</span> 
     </span>
     <span class='ocr_line' id='line_1_42' title="bbox 230 3955 1472 4043; baseline -0.003 -23"><span class='ocrx_word' id='word_1_427' title='bbox 230 3961 392 4042; x_wconf 88' lang='lat' dir='ltr'>reperitur.</span> <span class='ocrx_word' id='word_1_428' title='bbox 404 3958 840 4043; x_wconf 42' lang='lat' dir='ltr'>EtenimadScripturasqncd&#39;</span> <span class='ocrx_word' id='word_1_429' title='bbox 871 3957 909 4019; x_wconf 92' lang='lat' dir='ltr'>lis</span> <span class='ocrx_word' id='word_1_430' title='bbox 927 3955 1050 4033; x_wconf 90' lang='lat' dir='ltr'>amoris,</span> <span class='ocrx_word' id='word_1_431' title='bbox 1073 3955 1241 4036; x_wconf 91' lang='lat' dir='ltr'>dequibus</span> <span class='ocrx_word' id='word_1_432' title='bbox 1265 3971 1321 4016; x_wconf 89' lang='lat' dir='ltr'>sco</span> <span class='ocrx_word' id='word_1_433' title='bbox 1340 3956 1407 4016; x_wconf 91' lang='lat' dir='ltr'>loeo</span> <span class='ocrx_word' id='word_1_434' title='bbox 1423 3955 1472 4016; x_wconf 92' lang='lat' dir='ltr'>di·</span> 
     </span>
     <span class='ocr_line' id='line_1_43' title="bbox 230 4038 1472 4126; baseline -0.004 -20"><span class='ocrx_word' id='word_1_435' title='bbox 230 4046 350 4122; x_wconf 90' lang='lat' dir='ltr'>attinet,</span> <span class='ocrx_word' id='word_1_436' title='bbox 366 4045 549 4126; x_wconf 90' lang='lat' dir='ltr'>praecipitur</span> <span class='ocrx_word' id='word_1_437' title='bbox 569 4043 689 4124; x_wconf 90' lang='lat' dir='ltr'>quidem</span> <span class='ocrx_word' id='word_1_438' title='bbox 710 4042 741 4102; x_wconf 95' lang='lat' dir='ltr'>in</span> <span class='ocrx_word' id='word_1_439' title='bbox 758 4043 832 4122; x_wconf 91' lang='lat' dir='ltr'>ipsis</span> <span class='ocrx_word' id='word_1_440' title='bbox 870 4041 981 4117; x_wconf 90' lang='lat' dir='ltr'>ximus,</span> <span class='ocrx_word' id='word_1_441' title='bbox 998 4040 1135 4102; x_wconf 84' lang='lat' dir='ltr'>sufficere</span> <span class='ocrx_word' id='word_1_442' title='bbox 1149 4038 1357 4101; x_wconf 89' lang='lat' dir='ltr'>mandatorum</span> <span class='ocrx_word' id='word_1_443' title='bbox 1369 4039 1472 4102; x_wconf 87' lang='lat' dir='ltr'>obser-</span> 
     </span>
     <span class='ocr_line' id='line_1_44' title="bbox 231 4125 1508 4206; baseline -0.008 -17"><span class='ocrx_word' id='word_1_444' title='bbox 231 4137 263 4191; x_wconf 91' lang='lat' dir='ltr'>nt</span> <span class='ocrx_word' id='word_1_445' title='bbox 282 4129 444 4206; x_wconf 76' lang='lat' dir='ltr'>diligamus</span> <span class='ocrx_word' id='word_1_446' title='bbox 472 4128 565 4190; x_wconf 84' lang='lat' dir='ltr'>[lenm</span> <span class='ocrx_word' id='word_1_447' title='bbox 588 4135 702 4190; x_wconf 89' lang='lat' dir='ltr'>extoto</span> <span class='ocrx_word' id='word_1_448' title='bbox 729 4125 830 4202; x_wconf 89' lang='lat' dir='ltr'>corde,</span> <span class='ocrx_word' id='word_1_449' title='bbox 870 4125 1031 4186; x_wconf 83' lang='lat' dir='ltr'>rationem.</span> <span class='ocrx_word' id='word_1_450' title='bbox 1504 4167 1508 4188; x_wconf 79' lang='lat'>,</span> 
     </span>
     <span class='ocr_line' id='line_1_45' title="bbox 229 4194 1510 4294; baseline -0.002 -20"><span class='ocrx_word' id='word_1_451' title='bbox 229 4223 439 4294; x_wconf 87' lang='lat' dir='ltr'>acpropterea</span> <span class='ocrx_word' id='word_1_452' title='bbox 456 4221 490 4274; x_wconf 92' lang='lat' dir='ltr'>ut</span> <span class='ocrx_word' id='word_1_453' title='bbox 508 4230 611 4273; x_wconf 90' lang='lat' dir='ltr'>omnes</span> <span class='ocrx_word' id='word_1_454' title='bbox 628 4211 762 4272; x_wconf 89' lang='lat' dir='ltr'>actiones</span> <span class='ocrx_word' id='word_1_455' title='bbox 780 4228 833 4270; x_wconf 93' lang='lat' dir='ltr'>no-</span> <span class='ocrx_word' id='word_1_456' title='bbox 914 4205 1209 4270; x_wconf 70' lang='lat' dir='ltr'>elesmaram</span> <span class='ocrx_word' id='word_1_457' title='bbox 1241 4207 1410 4286; x_wconf 80' lang='lat' dir='ltr'>theologica</span> <span class='ocrx_word' id='word_1_458' title='bbox 1441 4206 1472 4268; x_wconf 89' lang='lat' dir='ltr'>id</span> <span class='ocrx_word' id='word_1_459' title='bbox 1504 4194 1510 4271; x_wconf 78' lang='lat'>⁸.</span> 
     </span>
     <span class='ocr_line' id='line_1_46' title="bbox 229 4276 1513 4416; baseline -0.005 -60"><span class='ocrx_word' id='word_1_460' title='bbox 229 4296 356 4358; x_wconf 89' lang='lat' dir='ltr'>strasin</span> <span class='ocrx_word' id='word_1_461' title='bbox 374 4295 468 4358; x_wconf 80' lang='lat' dir='ltr'>lleum</span> <span class='ocrx_word' id='word_1_462' title='bbox 503 4295 682 4369; x_wconf 77' lang='lat' dir='ltr'>reseramus,</span> <span class='ocrx_word' id='word_1_463' title='bbox 716 4311 770 4355; x_wconf 92' lang='lat' dir='ltr'>seu</span> <span class='ocrx_word' id='word_1_464' title='bbox 798 4301 832 4354; x_wconf 92' lang='lat' dir='ltr'>ut</span> <span class='ocrx_word' id='word_1_465' title='bbox 871 4291 970 4374; x_wconf 90' lang='lat' dir='ltr'>ipsum</span> <span class='ocrx_word' id='word_1_466' title='bbox 985 4291 1103 4353; x_wconf 88' lang='lat' dir='ltr'>suadet.</span> <span class='ocrx_word' id='word_1_467' title='bbox 1123 4289 1241 4353; x_wconf 81' lang='lat' dir='ltr'>Etenim</span> <span class='ocrx_word' id='word_1_468' title='bbox 1261 4290 1286 4351; x_wconf 93' lang='lat' dir='ltr'>si</span> <span class='ocrx_word' id='word_1_469' title='bbox 1302 4291 1371 4371; x_wconf 91' lang='lat' dir='ltr'>quis</span> <span class='ocrx_word' id='word_1_470' title='bbox 1388 4297 1472 4351; x_wconf 90' lang='lat' dir='ltr'>actos</span> <span class='ocrx_word' id='word_1_471' title='bbox 1505 4276 1513 4416; x_wconf 61' lang='grc' dir='ltr'><strong>ἱ</strong></span> 
     </span>
     <span class='ocr_line' id='line_1_47' title="bbox 229 4372 1470 4461; baseline -0.007 -21"><span class='ocrx_word' id='word_1_472' title='bbox 229 4398 392 4461; x_wconf 90' lang='lat' dir='ltr'>operemur</span> <span class='ocrx_word' id='word_1_473' title='bbox 413 4380 444 4441; x_wconf 93' lang='lat' dir='ltr'>in</span> <span class='ocrx_word' id='word_1_474' title='bbox 467 4379 519 4441; x_wconf 86' lang='lat' dir='ltr'>llei</span> <span class='ocrx_word' id='word_1_475' title='bbox 533 4380 670 4458; x_wconf 81' lang='lat' dir='ltr'>gloriam.</span> <span class='ocrx_word' id='word_1_476' title='bbox 684 4375 831 4438; x_wconf 80' lang='lat' dir='ltr'>tsteins-</span> <span class='ocrx_word' id='word_1_477' title='bbox 871 4377 995 4438; x_wconf 88' lang='lat' dir='ltr'>eliceret</span> <span class='ocrx_word' id='word_1_478' title='bbox 1017 4377 1079 4455; x_wconf 87' lang='lat' dir='ltr'>spei</span> <span class='ocrx_word' id='word_1_479' title='bbox 1105 4384 1134 4439; x_wconf 85' lang='lat' dir='ltr'>et</span> <span class='ocrx_word' id='word_1_480' title='bbox 1152 4375 1270 4437; x_wconf 84' lang='lat' dir='ltr'>timoris</span> <span class='ocrx_word' id='word_1_481' title='bbox 1287 4392 1323 4434; x_wconf 85' lang='lat' dir='ltr'>ex</span> <span class='ocrx_word' id='word_1_482' title='bbox 1349 4372 1470 4453; x_wconf 89' lang='lat' dir='ltr'>proprio</span> 
     </span>
    </p>
   </div>
   <div class='ocr_carea' id='block_1_3' title="bbox 1504 4094 1508 4138">
    <p class='ocr_par' dir='ltr' id='par_1_3' title="bbox 1504 4094 1508 4138">
     <span class='ocr_line' id='line_1_48' title="bbox 1504 4094 1508 4138; baseline 0 0"><span class='ocrx_word' id='word_1_483' title='bbox 1504 4094 1508 4138; x_wconf 91' lang='lat' dir='ltr'>l</span> 
     </span>
    </p>
   </div>
   <div class='ocr_carea' id='block_1_4' title="bbox 228 4455 1468 4544">
    <p class='ocr_par' dir='ltr' id='par_1_4' title="bbox 228 4455 1468 4544">
     <span class='ocr_line' id='line_1_49' title="bbox 228 4455 1468 4544; baseline -0.008 -19"><span class='ocrx_word' id='word_1_484' title='bbox 228 4464 311 4526; x_wconf 93' lang='lat' dir='ltr'>modi</span> <span class='ocrx_word' id='word_1_485' title='bbox 334 4463 497 4526; x_wconf 81' lang='lat' dir='ltr'>maximum</span> <span class='ocrx_word' id='word_1_486' title='bbox 530 4469 720 4544; x_wconf 90' lang='lat' dir='ltr'>praeceptum</span> <span class='ocrx_word' id='word_1_487' title='bbox 750 4461 832 4541; x_wconf 79' lang='lat' dir='ltr'>affir-</span> <span class='ocrx_word' id='word_1_488' title='bbox 871 4459 1110 4540; x_wconf 90' lang='lat' dir='ltr'>uniuscuiusque</span> <span class='ocrx_word' id='word_1_489' title='bbox 1128 4458 1250 4535; x_wconf 84' lang='lat' dir='ltr'>motivo,</span> <span class='ocrx_word' id='word_1_490' title='bbox 1285 4465 1315 4517; x_wconf 91' lang='lat' dir='ltr'>et</span> <span class='ocrx_word' id='word_1_491' title='bbox 1346 4455 1468 4536; x_wconf 91' lang='lat' dir='ltr'>quidem</span> 
     </span>
    </p>
   </div>
   <div class='ocr_carea' id='block_1_5' title="bbox 260 4639 1336 4714">
    <p class='ocr_par' dir='ltr' id='par_1_5' title="bbox 260 4639 1336 4714">
     <span class='ocr_line' id='line_1_50' title="bbox 260 4639 1336 4714; baseline -0.007 -19"><span class='ocrx_word' id='word_1_492' title='bbox 260 4645 301 4714; x_wconf 87' lang='lat' dir='ltr'>(l)</span> <span class='ocrx_word' id='word_1_493' title='bbox 314 4644 409 4698; x_wconf 83' lang='lat' dir='ltr'>llcmil.</span> <span class='ocrx_word' id='word_1_494' title='bbox 422 4643 500 4698; x_wconf 81' lang='lat' dir='ltr'>xttv</span> <span class='ocrx_word' id='word_1_495' title='bbox 513 4643 560 4696; x_wconf 92' lang='lat' dir='ltr'>inl</span> <span class='ocrx_word' id='word_1_496' title='bbox 575 4643 607 4696; x_wconf 81' lang='lat' dir='ltr'>ad</span> <span class='ocrx_word' id='word_1_497' title='bbox 617 4641 782 4703; x_wconf 86' lang='lat' dir='ltr'>Corinth.,n.</span> <span class='ocrx_word' id='word_1_498' title='bbox 804 4646 829 4693; x_wconf 87' lang='lat' dir='ltr'>l.</span> <span class='ocrx_word' id='word_1_499' title='bbox 905 4641 944 4709; x_wconf 78' lang='lat'>(2)</span> <span class='ocrx_word' id='word_1_500' title='bbox 962 4641 1044 4692; x_wconf 78' lang='lat' dir='ltr'>serm.</span> <span class='ocrx_word' id='word_1_501' title='bbox 1058 4644 1086 4714; x_wconf 76' lang='lat'>2,</span> <span class='ocrx_word' id='word_1_502' title='bbox 1104 4639 1131 4690; x_wconf 91' lang='lat' dir='ltr'>in</span> <span class='ocrx_word' id='word_1_503' title='bbox 1141 4653 1180 4706; x_wconf 82' lang='lat' dir='ltr'>ps.</span> <span class='ocrx_word' id='word_1_504' title='bbox 1193 4639 1237 4701; x_wconf 83' lang='lat' dir='ltr'>at,</span> <span class='ocrx_word' id='word_1_505' title='bbox 1250 4652 1278 4688; x_wconf 92' lang='lat' dir='ltr'>n.</span> <span class='ocrx_word' id='word_1_506' title='bbox 1292 4639 1336 4689; x_wconf 85' lang='lat' dir='ltr'>ta.</span> 
     </span>
    </p>
   </div>
   <div class='ocr_carea' id='block_1_6' title="bbox 0 0 1854 5659">
    <p class='ocr_par' dir='ltr' id='par_1_6' title="bbox 0 0 1854 5659">
     <span class='ocr_line' id='line_1_51' title="bbox 0 0 1854 5659; baseline 0 2"><span class='ocrx_word' id='word_1_507' title='bbox 0 0 1854 5659; x_wconf 95' lang='lat' dir='ltr'> </span> 
     </span>
    </p>
   </div>
  </div>
 </body>
</html>
