3700 5659
412 457 433 519 4

371 633 457 724 fide,
486 655 552 735 spe
572 635 611 710 ct
628 629 802 720 caritate,
823 626 963 730 quibus
982 626 1100 707 homo
1128 625 1356 706 christianus
1376 628 1578 706 anaturali

370 797 442 852 sua
466 771 682 852 conditione
711 769 748 848 in
777 767 948 848 ordinem
970 769 1083 870 longe
1112 767 1371 847 sublimiorem
1402 767 1584 846 evehitur

369 917 495 1016 atque,
522 916 567 991 ut
593 912 645 990 ita
670 909 804 1001 dicam,
828 908 981 987 divinus
1001 908 1172 999 ellicitur,
1195 912 1329 1011 utpote
1350 907 1427 1010 qni,
1446 909 1577 1007 Augu·

370 1052 469 1133 stino
489 1055 679 1146 testante,
702 1051 740 1130 in
772 1050 872 1130 illam
913 1048 981 1130 Dei
1016 1051 1175 1141 domum
1206 1051 1453 1141 transfertur,
1478 1073 1577 1152 quac

369 1195 561 1276 eredendo
596 1193 797 1284 tundatur,
821 1193 1012 1295 sperando
1042 1191 1222 1294 erigitur,
1255 1192 1445 1294 diligendo
1465 1193 1583 1296 perfi-

368 1337 469 1416 citur
490 1337 558 1439 (l).

419 1479 541 1579 Atque
555 1498 602 1554 eo
616 1473 791 1556 libentius
806 1472 844 1552 in
857 1473 958 1552 hanc
971 1472 1236 1553 tractationem
1250 1473 1453 1576 ingredior,
1470 1475 1575 1576 quod

368 1651 437 1721 ea,
457 1651 556 1732 quae
576 1627 648 1707 nisi
670 1628 810 1718 obiter,
834 1631 878 1706 ut
904 1627 1056 1706 occasio
1076 1626 1233 1718 serebat,
1257 1631 1295 1706 et
1315 1651 1376 1706 res
1402 1626 1483 1730 ipsa
1509 1651 1578 1731 po·

367 1768 542 1860 stulabat,
558 1768 595 1847 in
618 1763 877 1873 superioribus
896 1766 1224 1847 lucubrationibus
1246 1792 1321 1846 non
1337 1767 1456 1870 attigi,
1471 1792 1578 1847 nunc

369 1909 496 1990 dedita
515 1933 633 2013 opera
659 1910 855 1996 evolvam,
878 1933 923 1987 ea
953 1913 1081 1988 tamen
1107 1909 1209 2010 lege,
1227 1913 1290 1999 ut,
1311 1908 1341 1987 si
1362 1933 1439 2012 qua
1456 1909 1579 1988 insius

368 2050 449 2132 aliis
479 2050 572 2131 locis
594 2050 765 2154 exposita
799 2053 889 2128 sunt
923 2074 969 2130 ac
998 2054 1258 2153 propugnata,
1281 2049 1318 2128 in
1340 2050 1383 2128 iis
1410 2074 1487 2130 non
1510 2049 1579 2127 im·

368 2217 497 2274 morer
526 2193 693 2283 diutim,
726 2195 931 2271 contentus
964 2192 1226 2294 explanatione
1256 2218 1389 2273 earum
1420 2216 1577 2285 rerum,

368 2360 465 2439 quas
497 2338 733 2438 opportunas
764 2333 1013 2424 indicavero,
1037 2338 1081 2412 ut
1106 2339 1232 2436 partes
1257 2334 1355 2414 inter
1384 2359 1425 2414 se
1454 2333 1582 2414 amico

369 2499 472 2555 nexu
493 2475 694 2578 copulatae
708 2473 895 2552 lectorum
914 2476 1060 2552 mentes
1075 2473 1272 2554 illustrent.

420 2619 574 2695 Praeter
592 2639 646 2706 ea,
671 2637 770 2717 quae
796 2615 982 2693 adversus
1004 2614 1211 2695 catholicae
1237 2615 1433 2706 doctrinae
1447 2617 1580 2696 hostes

370 2760 439 2835 aut
467 2759 714 2858 corruptores
750 2757 917 2834 statuere
956 2745 1047 2831 mihi
1081 2755 1320 2857 propositum
1354 2761 1435 2849 est,
1471 2759 1585 2860 plura

369 2898 469 2988 sunt,
492 2918 591 2999 quae
604 2895 873 2996 theologorum
895 2893 1041 2996 placitis
1057 2893 1295 2975 discutienda
1307 2897 1585 3000 permittuntur

369 3035 408 3114 in
432 3037 505 3114 hac
532 3057 662 3114 sacrae
682 3033 901 3136 disciplinae
921 3040 1052 3137 parte,
1083 3060 1258 3140 quaeque
1280 3037 1386 3117 salva
1405 3038 1480 3117 fide
1501 3038 1581 3140 agi-

367 3175 441 3255 tari
461 3198 533 3278 pro
553 3174 859 3278 uniuscuiusque
886 3175 1072 3255 sententia
1093 3179 1238 3256 solent:
1260 3202 1333 3281 ego
1355 3182 1458 3257 certe
1479 3178 1517 3257 in
1538 3201 1583 3257 o-

370 3315 448 3394 mni
469 3313 692 3418 quaestione
706 3313 872 3416 aperiam
891 3314 1017 3408 libere,
1029 3318 1136 3420 quod
1149 3317 1389 3397 verisimilius
1403 3290 1582 3406 iudicem,

369 3455 460 3558 quin
490 3459 618 3534 tamem
640 3455 718 3534 ullo
739 3459 852 3558 paeto
875 3459 1001 3536 taxem
1028 3459 1379 3562 reprehendamque
1401 3482 1492 3548 eos,
1516 3458 1585 3560 qui

369 3619 523 3676 mecum
536 3595 792 3676 communiter
806 3597 907 3676 idem
922 3621 1001 3676 non
1020 3599 1198 3679 sentiunt.
1213 3603 1333 3680 lmmo
1350 3623 1444 3679 vero
1459 3622 1585 3702 quum

370 3737 570 3816 innumera
594 3759 716 3840 prope
737 3737 821 3829 sint,
844 3736 1053 3840 dequibus
1076 3737 1114 3817 in
1136 3742 1506 3843 utramquepartem
1526 3735 1585 3815 di-

370 3876 515 3979 sputari
533 3876 677 3984 possit,
700 3881 739 3957 et
767 3901 813 3956 ex
846 3876 905 3956 his
927 3878 1032 3957 haud
1052 3902 1177 3981 pauca
1197 3879 1324 3980 minus
1345 3879 1452 3958 utilia
1472 3878 1585 3957 aesti-

327 4019 332 4028 '
368 4021 522 4096 mentur
532 4046 543 4111 ;
566 4041 665 4120 quae
684 4017 837 4097 utiliora
863 4017 954 4096 mihi
981 4041 1065 4097 sese
1086 4021 1266 4112 ollerent',
1288 4020 1456 4100 breviter
1477 4022 1595 4122 apte--

371 4175 446 4256 que
466 4176 536 4256 pro
558 4153 655 4232 virili
673 4158 794 4257 parte,
819 4154 1090 4234 tantummodo
1112 4153 1376 4234 consectabor.

421 4292 537 4396 lgitur
575 4316 652 4397 quo
694 4293 813 4398 magis
848 4293 978 4374 omnia
1003 4293 1041 4372 in
1068 4303 1201 4398 aperto
1236 4293 1332 4385 sint,
1368 4290 1585 4397 praemissis
1633 4363 1641 4374 .

417 4591 463 4667 (1)
483 4591 575 4650 Ser-m.
594 4591 711 4662 XXVH,
730 4613 759 4650 n.
784 4597 814 4651 1.
