3700 5659
400 488 472 555 'llo
897 506 937 551 ns
953 505 1098 552 cannara

368 601 433 664 rius
445 602 541 664 visum
559 601 660 664 luerit.
677 598 718 662 llo
735 599 850 664 interea
869 618 974 662 omnes
1057 600 1131 663 ³32.
1162 600 1206 664 lle
1222 601 1313 665 huius
1331 603 1536 688 propositionis
1551 608 1595 676 hoo'

369 685 523 748 adhortari
532 704 591 746 non
603 683 782 762 omittimus,
793 693 826 746 ut
837 692 976 762 satagant
1014 701 1106 746 sensu
1123 686 1275 782 expositae
1292 688 1415 750 veritate
1429 708 1484 751 nos
1497 691 1594 756 dubiu-

371 787 463 850 opera
482 788 538 830 sua
556 787 591 830 ax
608 769 714 830 intimo
727 768 757 830 in
777 767 870 830 heum
891 786 975 828 amo·
1014 785 1047 828 re
1066 787 1126 829 non
1144 779 1249 832 sonunt
1263 780 1327 832 tum
1345 791 1449 834 sacrae
1469 772 1592 855 Litteme,

370 871 403 915 re
424 853 554 929 elicere,
576 859 609 913 nt
629 851 707 914 Deus
733 851 765 914 in
784 845 925 914 ominibus
945 859 975 912 et
1014 859 1077 912 tum
1106 860 1224 933 patrum
1256 855 1524 932 auctoritas,tnm
1545 860 1595 939 ipsa

370 935 574 1017 superomnia
591 935 744 1014 diligatur,
762 935 928 998 honoretur
944 942 976 996 et
1014 933 1145 1015 denique
1164 937 1333 1014 theologica
1346 939 1437 1008 ratio.

370 1020 564 1098 glorificetur.
595 1018 668 1080 Nam
698 1019 836 1099 quamvis
866 1017 975 1082 caritas
1058 1019 1131 1080 333.
1157 1018 1230 1081 llam
1250 1021 1398 1102 palmaria·
1419 1031 1491 1085 snnt
1505 1022 1595 1086 Christi

372 1104 523 1185 imperans
545 1121 605 1164 non
634 1103 712 1164 locet
743 1102 912 1166 necessaria
938 1100 976 1163 ad
1014 1101 1106 1164 rerba
1125 1101 1305 1181 Manthion,
1326 1105 1385 1167 26:
1404 1106 1597 1186 Onidprodat

371 1187 511 1249 meritum
541 1185 572 1247 in
591 1186 738 1248 iustorum
760 1186 921 1268 operibus,
939 1203 975 1246 o·
1014 1186 1139 1263 homini,
1164 1187 1192 1248 si
1207 1190 1356 1251 mandram
1373 1190 1542 1252 universnm
1558 1193 1595 1253 lo-

372 1289 457 1332 mnes
489 1270 632 1345 latentur,
652 1269 808 1332 caritatem
837 1268 912 1333 illud
944 1268 977 1330 in
1015 1277 1129 1340 cretur,
1147 1270 1267 1333 animae
1283 1288 1353 1334 oero
1370 1290 1443 1334 sune
1461 1274 1597 1336 detrimen

372 1355 552 1416 immensum
571 1371 694 1432 augere.
899 1408 902 1417 .
1016 1353 1336 1435 temporinam-aloa
1355 1372 1448 1434 quom
1468 1358 1596 1420 dodillo

1017 1454 1065 1498 mo
1078 1438 1335 1500 commutationem
1351 1457 1408 1517 pro
1426 1442 1527 1502 naimo
1541 1445 1598 1502 eorl

579 1500 743 1600 'nrm-ul·
785 1587 790 1598 ¹
928 1586 968 1598 ..
1017 1516 1598 1602 Salnareigiturseipsumnegotiumest

375 1588 411 1639 lle
420 1589 548 1649 praecepto
559 1587 693 1634 dolectromr
704 1587 819 1646 conpone
828 1589 850 1634 et
859 1596 978 1646 proximi.
1019 1602 1154 1664 omnium
1170 1603 1331 1666 maximum
1349 1651 1358 1679 ‚
1378 1614 1409 1668 eq
1428 1606 1477 1668 wi
1504 1608 1598 1668 nullum

415 1689 488 1750 330.
513 1687 585 1750 Cum
615 1705 772 1764 ageremus
804 1686 841 1748 de
859 1686 978 1748 obiecto
1019 1685 1162 1752 aliudest
1177 1687 1426 1769 comparandum,
1444 1691 1599 1751 multonem

374 1771 553 1836 secundario
580 1770 735 1848 caritatis,
768 1769 977 1852 ostendimus,
1020 1769 1121 1832 minus
1151 1771 1392 1852 praeferendum.
1422 1771 1488 1835 ilua
1511 1773 1599 1854 pariter

376 1856 456 1920 istud
473 1853 615 1916 constitui
631 1862 692 1917 lum
717 1873 753 1916 ex
771 1872 874 1916 amore
891 1901 899 1931 ‚
919 1872 980 1934 quo
1020 1852 1134 1914 iaciunt
1150 1854 1285 1916 eiusdem
1303 1853 1415 1917 Christi
1432 1857 1532 1933 rerba,
1550 1856 1600 1936 qui-

376 1939 586 2021 nosmetipsos,
607 1946 670 2000 tum
687 1957 723 2001 ex
737 1957 786 2017 eo,
803 1956 863 2020 quo
883 1937 982 2018 proxi·
1021 1936 1078 1998 hus
1091 1936 1193 2000 llatth.
1210 1955 1283 2016 xxn,
1304 1939 1345 2001 39
1359 1931 1524 2001 secundum
1544 1939 1599 2016 legis

376 2043 459 2086 mum
477 2021 620 2106 prosequi
638 2022 795 2085 debemus.
817 2021 871 2084 llic
889 2040 981 2103 porro
1022 2039 1172 2102 exponens
1203 2021 1403 2100 mandatum,
1425 2024 1490 2085 ait:
1512 2024 1598 2124 llitiqq

377 2108 413 2170 de
435 2114 606 2189 praecepto,
622 2106 732 2187 quoad
748 2114 908 2187 utramque
925 2105 981 2168 ad·
1019 2106 1192 2185 pronianum
1216 2114 1301 2168 tunm
1320 2107 1399 2169 sicot
1420 2117 1449 2169 te
1476 2107 1599 2187 teipsum}

377 2191 552 2270 stringimur
573 2189 792 2267 dilectionem,
820 2208 855 2252 ac
873 2189 911 2252 de
930 2208 983 2252 or·
1024 2188 1136 2270 quibos
1160 2188 1295 2252 Christus
1322 2189 1448 2252 exhibet
1470 2198 1601 2263 amarent

378 2275 448 2337 dine
465 2294 519 2338 seu
537 2274 666 2351 ratione,
686 2295 747 2356 qua
766 2273 915 2336 eiusmodi
934 2273 983 2336 di·
1024 2291 1085 2354 quo
1097 2272 1228 2354 quisque
1244 2292 1277 2335 se
1288 2275 1438 2355 prosequi
1457 2273 1603 2350 debetnel·

378 2359 493 2436 lectio,
515 2377 569 2420 seu
583 2359 686 2440 potius
705 2358 874 2422 dilectionis
893 2376 984 2440 prae·
1025 2356 1068 2419 nti
1087 2375 1223 2419 normam
1241 2376 1276 2419 ac
1291 2359 1428 2435 regulam
1447 2357 1526 2420 illius
1540 2375 1602 2418 amo

380 2451 500 2522 ceptum
519 2441 688 2504 executioni
704 2441 906 2504 mandandum
925 2449 982 2520 est,
1024 2440 1067 2501 ris
1084 2459 1120 2502 ac
1134 2440 1318 2516 dilectionis,
1340 2460 1399 2522 qua
1427 2451 1539 2504 ceteros
1553 2456 1603 2502 ase

381 2524 530 2588 disserere
550 2524 774 2605 proposuimus.
794 2523 854 2586 Nec
872 2543 986 2605 paucae
1025 2523 1182 2586 distinctos
1202 2524 1343 2606 prosequi
1369 2524 1473 2588 dehet.
1492 2525 1547 2586 lam
1564 2541 1602 2583 ne

383 2609 532 2672 necleves
550 2619 617 2669 se'se
635 2608 724 2670 nohis
738 2608 915 2670 offeruntde
929 2609 987 2670 hoc
1026 2627 1060 2670 ro
1095 2609 1199 2684 regula
1234 2627 1287 2671 seu
1324 2627 1435 2672 norma
1471 2606 1604 2690 perleolior

382 2699 558 2770 argumento
569 2691 985 2774 discutiendaeqnaestiones,
1026 2692 1159 2773 prolecto
1189 2711 1257 2754 esse
1290 2691 1378 2754 debet
1406 2712 1468 2770 eo,
1495 2686 1604 2773 quodad

384 2795 461 2858 quas
472 2775 502 2838 in
512 2776 708 2858 sequentibus
718 2775 985 2858 propositionibus,
1026 2775 1161 2854 regulam
1189 2775 1337 2855 exigitur,
1364 2794 1422 2838 seu
1446 2785 1480 2838 nt
1502 2778 1605 2854 loquun-

385 2861 462 2923 duce
482 2859 672 2942 potissimum
697 2860 833 2940 angelico
852 2859 985 2938 doctore,
1028 2867 1077 2921 tur
1093 2858 1215 2927 scholae
1231 2907 1241 2937 ,
1260 2859 1364 2936 regula
1382 2859 1469 2941 prior
1489 2878 1522 2921 ac
1537 2873 1604 2938 prae·

387 2963 448 3026 qua
469 2943 576 3006 maiori
591 2945 656 3006 lieri
668 2945 778 3026 poterit
794 2943 939 3008 breuitate
953 2961 989 3007 ac
1027 2943 1155 3004 stantior
1171 2951 1219 3005 est
1242 2943 1400 3021 regulam,
1427 2943 1550 3023 ideoque
1564 2957 1605 2999 ne·

387 3027 599 3110 perspicuitate
617 3028 846 3090 elucidabimus.
1029 3045 1078 3088 mo
1096 3026 1241 3107 praeferri
1258 3025 1347 3088 dehet
1363 3026 1395 3087 in
1418 3027 1479 3104 iis,
1497 3018 1606 3106 quaeat

1029 3109 1161 3172 animam
1192 3129 1246 3180 sen
1273 3108 1311 3171 ad
1332 3117 1487 3174 aeternam
1503 3109 1605 3171 salutem

582 3193 756 3240 enonosnllo
773 3196 793 3240 1.
1029 3200 1176 3274 spectant,
1193 3193 1252 3255 gibi
1265 3193 1336 3275 ipsi,
1582 3200 1603 3241 :l

389 3289 494 3342 Tenetur
504 3291 604 3354 quiaque
617 3294 771 3355 etpraecepti
786 3293 899 3342 corltnttr
914 3296 993 3356 scuti
1073 3276 1146 3339 334.
1166 3275 1242 3338 Hinc
1259 3295 1285 3338 s.
1315 3275 1517 3356 Augustinus,
1530 3272 1605 3352 Redi·

421 3373 444 3410 re
460 3372 535 3420 qnam
552 3361 642 3407 ceteros
658 3360 758 3421 ditiqere
774 3361 800 3408 ln
817 3358 902 3410 ordino
918 3374 992 3421 proc-
1030 3361 1103 3436 lam,
1121 3358 1235 3441 inquil,
1254 3361 1401 3443 filippum
1412 3361 1578 3441 proximum
1594 3369 1608 3411 a

383 3493 386 3499 .
422 3428 505 3475 sertim
535 3427 567 3474 od
584 3428 708 3476 aeternam
730 3427 844 3487 sulutem,
867 3431 889 3477 et
911 3429 945 3476 od
964 3443 993 3478 eo
1030 3444 1183 3522 mmo
1198 3444 1321 3507 mmm,
1337 3446 1448 3524 mm
1467 3443 1525 3524 (q),
1543 3447 1568 3500 eq
1583 3453 1607 3495 a.

420 3509 484 3576 W
496 3496 527 3543 “⁰
544 3495 643 3542 ennom
657 3495 802 3556 ΜΝ·
824 3513 827 3519 ’
1032 3525 1097 3589 libi:
1111 3528 1442 3610 Eooutemeotreputo
1454 3521 1606 3592 dilectionis

432 3587 505 3671 331.
523 3607 598 3680 llum
615 3606 656 3690 'de
685 3608 819 3670 caritatis
831 3619 918 3686 'erga
938 3627 994 3672 nos
1031 3619 1076 3686 ot,
1093 3611 1238 3689 quneoilli
1251 3611 1315 3675 matr
1332 3613 1409 3675 mon
1425 3607 1608 3692 provendati

390 3693 472 3774 ipsos
487 3691 647 3756 dilectione
663 3690 831 3770 disseritur,
851 3701 993 3773 spectan-
1031 3694 1080 3757 anx
1098 3694 1181 3766 vetit·
1197 3703 1225 3757 et
1245 3711 1319 3774 quoe
1335 3695 1469 3758 mamre
1483 3692 1537 3757 oili
1548 3686 1609 3751 moll

392 3775 430 3838 da
453 3775 484 3836 in
503 3775 591 3838 nobis
612 3783 658 3836 est
675 3774 783 3856 duplex
801 3775 991 3854 substantia,
1032 3795 1095 3840 nom
1109 3778 1186 3854 oon,
1205 3786 1233 3841 et
1250 3778 1297 3841 illi
1310 3778 1460 3859 nolitlh).
1598 3787 1605 3807 ²·

384 3857 558 3942 ,spiritualis
571 3857 719 3936 videlicet,
732 3868 867 3939 quaeest
879 3859 991 3938 anima,
1075 3861 1148 3924 335.
1167 3859 1325 3924 Rationem
1354 3868 1457 3924 autem
1485 3850 1609 3946 theologi·

392 3950 422 4004 et
440 3941 616 4021 materialis,
632 3961 710 4022 quae
725 3951 771 4004 est
783 3961 905 4024 corpus,
924 3961 994 4006 cum
1033 3962 1100 4006 cam
1118 3944 1289 4026 suppeditat
1301 3963 1327 4007 s.
1345 3943 1490 4021 Thomas,
1505 3941 1610 4003 donne

329 4099 332 4106 Ι
392 4042 461 4168 seqq
498 4043 609 4121 corpus
638 4032 740 4169 quote
773 4045 842 4107 pars
871 4025 996 4090 interior
1033 4027 1241 4126 ratiocinatur:
1260 4029 1356 4124 Horon
1373 4029 1476 4110 diripit
1492 4022 1611 4166 litum!
1658 4100 1659 4119 1

394 4114 570 4285 111111
585 4115 997 4286 similitunem
1029 4113 1611 4280 cluana

395 4292 464 4336 eum
482 4272 623 4352 dxcxmus,
645 4273 797 4336 hominem
817 4275 929 4339 dehere
945 4296 996 4340 se·
1035 4278 1225 4361 toni,dilipit
1234 4288 1333 4342 notem
1341 4279 1524 4358 monimum,
1535 4269 1611 4361 mult
1658 4322 1659 4327 1

395 4357 495 4440 ipsum
508 4355 795 4434 diligere,inordine
807 4357 997 4440 potissimum
1036 4364 1199 4426 sommia
1220 4363 1274 4426 toti
1292 4365 1379 4426 hono.
1399 4362 1456 4426 Sed
1469 4353 1610 4441 potiordt·
1658 4342 1659 4407 1

396 4441 434 4504 ad
452 4441 582 4529 animam
602 4439 633 4502 id
646 4438 773 4521 intelligi
792 4440 910 4504 debeat.
1036 4447 1150 4530 lipeodt
1168 4447 1251 4509 ratio
1279 4454 1321 4510 est
1339 4445 1521 4528 participare
1544 4439 1611 4500 too

540 4607 541 4611 ,
864 4581 866 4583 ·
1071 4547 1659 4629 mmmmmmmffil

431 4621 848 4696 0ssfflfflmmmmw.
1038 4629 1133 4681 mn
