3700 5659
745 488 839 533 carun
858 489 918 533 vni.
1356 481 1415 542 107

228 589 317 648 aiente
330 585 467 666 procella,
493 602 561 645 cum
594 581 677 643 navis
697 581 736 643 ob
755 581 814 642 im·
854 579 965 642 valoris
986 579 1163 644 sententiam
1188 583 1224 646 de
1255 591 1456 672 mercenario,

228 671 336 731 minens
354 667 498 744 naufragii
519 665 685 747 periculam
706 664 814 743 gaher-
855 666 906 746 qui
923 664 1001 728 videt
1022 667 1124 746 lupum
1144 669 1331 750 venientem,
1352 681 1382 735 et
1401 676 1452 735 sa-

228 753 331 815 natoris
349 750 442 831 opera
454 751 548 829 magis
568 750 691 828 indiget3
712 750 753 810 ita
781 768 814 810 se
854 749 908 826 git,
930 748 1002 829 quia
1022 752 1225 814 mercenarius
1258 764 1320 832 est,
1342 764 1371 818 et
1397 778 1457 821 non

229 836 457 915 magisteriosuo
476 835 631 910 indignum
657 833 814 909 etgraais·
854 833 1038 912 pertinetad
1060 851 1128 895 eam
1159 835 1195 896 de
1220 836 1336 900 ovibus
1368 841 1456 906 Adrlit

226 921 287 981 simi
305 919 415 1000 peccati
434 937 519 980 reum
543 919 656 979 iaceret
673 916 815 998 'quilibet
856 935 923 977 aero
943 917 1017 979 duas
1035 917 1106 979 istas
1127 918 1298 983 Dominicas
1329 934 1454 986 senten·

226 1005 281 1065 siae
298 1003 450 1083 superior,
484 1002 545 1063 sine
574 1001 698 1063 interior
715 1001 814 1061 eccle·
854 1000 911 1060 tias
930 1001 1041 1081 optime
1063 1002 1229 1080 conciliari,
1250 1005 1275 1065 si
1299 1005 1381 1068 iuxta
1400 1029 1453 1069 ea-

227 1089 281 1148 siae
298 1086 498 1167 praepositus,
517 1085 569 1166 qrai
586 1084 732 1146 dominici
748 1101 815 1160 gre·
854 1084 966 1164 positas
985 1085 1134 1146 doctrinas
1157 1086 1379 1165 distinguantur
1398 1111 1454 1153 va-

225 1172 265 1245 gis
281 1171 443 1252 portionem
471 1169 529 1230 sibi
562 1169 705 1230 creditam
735 1168 813 1249 lupis
853 1167 898 1228 ria
915 1169 1066 1244 adiuncta,
1089 1169 1169 1247 alia,
1190 1171 1220 1231 in
1245 1173 1357 1252 quibus
1382 1176 1455 1238 licet

226 1255 365 1315 ferocibus
397 1254 658 1334 proscindendam,
693 1252 812 1313 incola·
853 1251 998 1314 ecclesiae
1017 1252 1153 1314 ministro
1173 1254 1291 1332 lugere,
1319 1257 1389 1336 alia,
1420 1261 1453 1322 in

226 1338 326 1399 nitatis
344 1357 416 1398 snae
438 1356 529 1398 causa
547 1337 742 1418 permitteret.
762 1338 812 1399 Aet
853 1335 964 1415 quibus
982 1336 1070 1398 debet
1083 1353 1270 1416 permanere.
1283 1340 1385 1403 Altera
1399 1343 1454 1404 sal·

224 1440 288 1495 aon,
308 1422 415 1502 inquit,
436 1422 610 1503 capitaneus,
631 1421 750 1500 quaudo
774 1423 813 1483 ad
852 1419 930 1480 lacia
950 1429 1006 1497 est,
1028 1440 1106 1506 quae
1119 1422 1228 1500 petitur
1248 1441 1282 1483 ex
1298 1427 1454 1487 conscien-

225 1507 337 1568 istorum
352 1505 557 1584 periculorum
573 1505 811 1583 peruenitureu-
853 1503 894 1564 tia
921 1504 1060 1585 propriae
1082 1503 1276 1581 infirmitatis,
1307 1508 1452 1589 adquam

226 1598 319 1666 tremo,
339 1607 390 1651 nee
408 1598 448 1650 est
460 1597 591 1669 potestas
609 1589 673 1651 ullu
689 1589 811 1668 staplen·
851 1587 1010 1668 respondet
1029 1607 1054 1648 s.
1084 1587 1211 1667 Ductor,
1239 1590 1451 1668 cogitationem

224 1674 261 1748 di,
283 1683 408 1752 aaronitas
426 1675 461 1734 in
489 1671 692 1751 ecclesiastem
720 1673 811 1734 soleat
850 1671 989 1751 propriae
1016 1671 1197 1733 infirmitatis
1228 1677 1452 1755 temperandam

225 1757 257 1817 ab
271 1767 388 1836 utroque
406 1775 481 1819 seara
500 1765 586 1834 atque
603 1758 639 1818 ab
656 1756 739 1817 omrai
764 1773 811 1817 aa·
851 1773 916 1816 esse
936 1755 1174 1816 consideratione
1194 1755 1449 1840 divinaevirtutis,

225 1848 455 1914 interponamus·
472 1841 541 1902 aliis
560 1841 737 1919 baptismum
756 1839 811 1920 sla-
851 1839 937 1899 cuias
962 1858 1017 1920 ope
1036 1840 1176 1900 sullultus
1201 1841 1300 1903 aiebat
1320 1842 1449 1923 Aposto-

224 1925 394 2002 pitantlbus‚
424 1926 496 1987 aliis
516 1924 807 2001 reconciliationem,
850 1921 914 1982 lus:
941 1924 1050 1986 Ouinio
1064 1941 1185 2003 possum
1203 1925 1236 1985 ln
1264 1944 1315 2002 eo,
1336 1929 1388 2005 pul
1406 1947 1453 1990 me

225 2008 283 2068 ‹rttts
310 2011 397 2071 etium
414 2009 618 2088 poenitentioe
648 2008 742 2087 ipsius
773 2025 809 2068 a·
850 2009 1015 2085 coufortat·
1033 2006 1112 2066 enim
1135 2023 1204 2068 vero
1235 2007 1374 2072 fiduciam
1400 2031 1450 2072 es-

224 2092 348 2169 ctiouem,
365 2094 505 2154 erunibus
525 2092 766 2167 consolationem,
781 2099 809 2153 et
850 2107 883 2150 se
905 2090 935 2149 in
959 2089 1019 2166 ileo
1038 2090 1255 2168 collocandam,
1276 2093 1328 2173 qui
1351 2095 1452 2155 nemi-

223 2186 462 2239 soerumentorum
479 2176 686 2255 confectionem
704 2184 732 2236 et
747 2192 810 2237 ero
850 2191 918 2234 nem
934 2173 1055 2250 deserit,
1076 2191 1131 2234 nec
1147 2174 1259 2254 patitur
1277 2178 1450 2258 quempiam

224 2260 382 2334 potionem?
406 2261 461 2324 ubi
484 2261 511 2321 si
533 2260 667 2322 ministri
684 2259 806 2336 desint,
850 2257 929 2319 ultra
946 2257 1024 2318 uires
1042 2257 1170 2333 tentari;
1193 2258 1330 2320 assiduas
1361 2261 1450 2322 deni-

225 2352 350 2416 paantum
369 2344 498 2407 edilium
516 2345 651 2422 seqnitur
673 2359 740 2418 eos,
759 2343 810 2424 qui
850 2359 909 2420 que
927 2360 961 2402 ac
974 2340 1101 2402 servidas
1116 2359 1222 2421 preces
1240 2360 1306 2404 esse
1319 2343 1451 2406 landen-

225 2428 252 2484 ‹le
268 2428 319 2489 isto
339 2432 455 2491 saeculo
481 2429 526 2489 uel
554 2446 615 2490 noa
639 2427 810 2508 regenerati
850 2424 915 2502 das,
935 2433 967 2485 ut
981 2443 1033 2505 pro
1050 2423 1175 2505 periculi
1195 2426 1400 2502 magnitudine
1419 2449 1451 2489 o-

224 2520 339 2586 rarunt,
358 2514 534 2593 callipoli!
556 2520 688 2591 quantus
705 2519 746 2572 est
764 2519 808 2572 el·
850 2527 917 2588 pem
936 2509 1024 2570 ierat.
1044 2509 1170 2572 Oramus
1184 2527 1266 2590 erpo,
1287 2511 1340 2588 ait,
1362 2523 1397 2574 ut
1414 2515 1453 2576 ab

226 2592 275 2654 iau
291 2595 381 2658 luctus
399 2597 533 2677 fidelium
548 2613 683 2672 suoram,
701 2594 753 2672 arai
762 2611 810 2656 ros
849 2592 1011 2669 illabetur,
1025 2609 1044 2654 a
1058 2609 1113 2671 pua
1127 2593 1296 2656 iubetur:et
1310 2613 1366 2674 per
1378 2597 1456 2660 banc

224 2694 305 2739 seeum
322 2681 353 2740 iu
375 2683 457 2743 vitoe
477 2688 616 2742 ortunae
632 2679 732 2758 reqraie
748 2695 808 2739 uon
849 2675 1006 2737 caritatem
1022 2675 1119 2755 inopis
1139 2675 1306 2753 timeamus,
1335 2695 1371 2740 ue
1389 2699 1454 2742 utres

226 2759 370 2826 lababuntl
384 2773 517 2844 puuutau
535 2763 660 2842 denique
684 2763 810 2844 pemitus
851 2760 966 2822 Gbristl
991 2760 1159 2838 spiritualis
1185 2761 1335 2838 nequitiae
1353 2763 1455 2843 plodio

225 2847 352 2921 omnium,
369 2858 395 2911 rt
414 2850 613 2927 primumdum
626 2845 808 2925 puuutablo-
849 2844 883 2904 in
900 2845 999 2918 corde,
1019 2860 1106 2924 quam
1124 2861 1162 2905 ue
1178 2845 1261 2922 ferro
1280 2845 1312 2904 in
1331 2863 1455 2924 corpore

225 2929 340 3002 splenia
357 2934 391 2994 ale
419 2932 553 2994 absentio
575 2929 809 2992 ministeriorum
849 2927 1062 3002 terminentur,
1093 2925 1145 2987 ubi
1182 2928 1453 3008 potentiorumque,

226 3020 250 3070 a
268 3016 493 3078 niteatur-oram!
511 3016 600 3090 eide,
630 3014 702 3093 quial
718 3012 810 3093 {belm
851 3027 1032 3090 quocumque
1053 3010 1159 3072 mortis
1177 3027 1285 3090 ponere
1312 3015 1456 3076 morituri

224 3097 355 3161 uotorum
388 3100 601 3180 temporalium
638 3099 754 3172 tianor,
782 3104 810 3158 et
848 3094 988 3175 ΜΝΞ).
1008 3091 1090 3164 Quae
1102 3092 1223 3174 quidem
1244 3093 1357 3156 monita
1369 3115 1456 3176 prae-

225 3189 322 3253 paanto
338 3186 370 3244 iu
384 3203 418 3246 eo
433 3186 471 3246 sit
489 3181 649 3261 acquisitio
661 3181 810 3243 malorum
849 3177 931 3239 clara
950 3186 1021 3240 sunt
1052 3195 1087 3239 ac
1106 3176 1315 3254 saluberrima,
1348 3188 1455 3262 utpote

224 3272 399 3330 aeternorum
416 3268 480 3346 (t).
514 3266 641 3347 insuper
658 3264 750 3339 addit,
772 3263 809 3325 ad
850 3261 998 3343 sapientia
1019 3279 1054 3323 ac
1073 3260 1233 3342 prudentia
1251 3262 1350 3342 plena.

227 3351 447 3421 permanentiam
461 3349 657 3412 ecclesiarum
674 3356 809 3430 pastores
892 3346 968 3406 445.
989 3345 1149 3421 Egregium
1174 3353 1203 3406 et
1221 3345 1370 3425 prolixum
1391 3355 1456 3410 tra-

227 3432 307 3492 teneri
334 3434 445 3512 etiam,
466 3453 552 3511 cum,
587 3432 739 3514 plerisque
758 3429 808 3491 la·
849 3436 963 3490 clatum
992 3430 1028 3490 de
1044 3428 1120 3509 supa
1137 3429 1172 3490 iu
1198 3431 1456 3508 persecutionibus

224 3511 369 3596 gieatibus,
389 3517 485 3600 aliqui
505 3517 604 3580 solum
624 3517 654 3577 in
675 3516 808 3597 periculo
849 3509 1456 3593 scripsitSalmeronias,expendeastri-

226 3602 423 3679 remanserint,
445 3620 480 3664 eo
511 3600 591 3663 enim
625 3599 707 3681 ipso,
727 3598 809 3680 quod
849 3595 1010 3671 minerba,
1033 3613 1111 3674 quae
1129 3593 1399 3656 habenturbiatth.
1421 3617 1450 3672 a,

226 3674 266 3738 isti
282 3686 403 3762 pastoris
427 3685 596 3766 praesentia
614 3682 709 3761 magis
727 3683 808 3744 indi·
849 3679 901 3739 bl:
919 3681 1028 3741 maaet
1048 3686 1149 3740 aulem
1166 3680 1262 3758 frater
1275 3678 1404 3757 fratrem
1421 3683 1454 3742 ln

225 3772 293 3840 seat,
312 3766 351 3828 ita
371 3788 430 3829 non
446 3777 515 3830 sunt
534 3767 701 3830 ministerio
726 3766 808 3828 chri·
847 3772 984 3840 mortem,
1006 3761 1037 3822 in
1057 3780 1118 3841 quo
1134 3760 1264 3842 copiosis
1279 3769 1452 3824 sanctornm

225 3844 308 3909 stiano
325 3852 536 3932 proculdubio
552 3848 721 3913 deserendi.
848 3844 970 3908 Patrum
991 3844 1172 3908 testimoniis
1191 3843 1332 3921 ostendit,
1352 3864 1454 3924 quan-

260 3930 326 3992 444.
349 3934 462 3997 Deinde
480 3935 597 3996 duabus
615 3931 742 3995 fallaciis
759 3951 808 3995 oc·
848 3929 886 3991 do
909 3929 999 3992 liceat
1017 3946 1110 3991 necne
1139 3945 1172 3989 se
1190 3945 1208 3988 a
1229 3928 1450 4007 persecutioni-

225 4014 344 4077 eurrits.
364 4017 464 4095 Pater,
484 4019 596 4099 quibas
614 4016 744 4078 ministri
779 4016 807 4077 i·
849 4013 905 4074 hus
931 4012 1133 4088 subtrahere,
1158 4010 1332 4091 praesertim
1372 4013 1456 4093 quod

225 4097 345 4165 poariam
362 4102 542 4182 quandoque
560 4119 645 4163 suam
666 4099 807 4178 obtegere
847 4105 962 4178 spectat
981 4096 1018 4159 ad
1037 4095 1181 4158 ecclesiae
1199 4103 1334 4175 pastores
1348 4096 1409 4178 (3).

226 4190 368 4261 conantur3
388 4205 515 4266 quarum
535 4185 630 4266 prima
648 4191 705 4260 est,
726 4183 807 4264 quod

225 4258 345 4328 cbristus
370 4268 434 4350 ipse
457 4269 556 4346 lugam
576 4267 709 4330 iusserit.
730 4265 806 4330 Huic

226 4356 284 4405 tero
301 4353 419 4430 opponit
435 4352 559 4415 alteram
583 4351 718 4414 eiusdem
737 4348 805 4413 Sal-

880 4479 918 4548 (b)
935 4477 1010 4531 Tam.
1022 4483 1049 4541 4,
1068 4485 1133 4543 part.
1147 4479 1175 4536 5,
1186 4483 1260 4527 tract.
1272 4480 1303 4528 46
1315 4477 1452 4529 Commeat.

266 4541 326 4606 ¹iii·
343 4551 369 4599 8·
845 4552 871 4598 iu
884 4547 1016 4612 eoaapelic.
1035 4547 1176 4598 distortam.
1195 4546 1285 4598 aotoa.
1309 4543 1453 4612 Agrippia.

265 4610 288 4677 2)
304 4610 332 4666 d.
348 4614 440 4670 aetia.
451 4617 534 4671 bitur.
848 4619 923 4668 tuoe.
