3700 5659
387 509 429 572 to
744 555 754 575 .
908 525 948 568 un
967 525 1035 570 rtur

343 617 490 695 tutorum,
509 635 563 680 nec
584 615 791 679 discindebant
805 635 944 678 commu·
963 641 966 655 ·
985 618 1151 680 credendos
1166 628 1196 681 et
1214 639 1274 681 non
1288 624 1465 704 credendos,
1485 630 1527 690 N.
1542 630 1604 691 Po-

343 702 444 764 nionis
462 702 608 764 unitatem
624 701 683 781 (1).
985 711 1127 764 stremam
1140 704 1216 765 banc
1231 704 1452 770 distinctionem
1470 730 1602 791 prorsus

387 786 460 847 tlt.
477 785 521 849 Ad
533 786 563 846 2.
576 789 614 850 D.
628 784 684 856 Qui
696 784 791 846 credit
811 801 948 845 necessa·
986 786 1196 862 ignoraverunt
1205 790 1456 874 catholici,prout
1472 805 1502 855 et
1518 816 1601 858 nunc

346 871 392 934 ria
405 871 582 932 necessitate
599 868 688 931 medii
701 879 731 930 et
746 869 894 950 praecepti
915 887 949 928 u·
988 890 1109 951 quoque
1131 872 1280 947 ignorant:
1297 893 1356 954 quo
1376 895 1468 938 sensu
1487 879 1606 942 intelli·

347 953 573 1019 nacumceteris
584 953 622 1014 ab
637 953 764 1014 ccclesia
776 951 947 1032 propositis,
989 955 1017 1032 gi
1037 954 1127 1015 debet
1141 955 1291 1018 distinctio
1306 960 1396 1021 allata
1412 979 1447 1022 ex
1460 981 1486 1022 s.
1502 963 1604 1026 Bona·

349 1043 400 1118 Ca
417 1039 455 1102 ad
468 1041 575 1100 horum
588 1035 802 1111 exclusionem,
813 1038 851 1098 N.
863 1035 951 1096 lltsic
991 1047 1114 1100 ventura
1134 1038 1195 1119 (l).

348 1124 504 1206 responsio
526 1129 607 1202 patet
625 1121 663 1182 ad
684 1120 726 1196 id,
750 1119 831 1201 quod
850 1118 953 1180 subdi·
1034 1122 1105 1182 tlt.
1124 1121 1174 1182 lll.
1195 1121 1264 1186 Obi.
1287 1125 1316 1185 l.
1342 1125 1424 1189 luter
1442 1147 1492 1190 res
1515 1150 1603 1193 rere-

339 1216 399 1271 ‘tur
416 1206 453 1270 de
470 1206 618 1286 symbolo,
634 1203 665 1264 in
684 1222 744 1284 quo
758 1203 874 1265 creditu
897 1221 952 1263 nc·
991 1205 1069 1266 latas
1085 1206 1166 1266 haud
1179 1226 1292 1286 paucae
1307 1219 1388 1287 sunt,
1406 1231 1604 1295 quaeparum

339 1291 482 1355 'cessaria
499 1289 701 1351 continentur.
722 1286 794 1349 Nam
818 1296 954 1368 praeter·
994 1299 1047 1351 aut
1067 1290 1140 1350 nibil
1159 1292 1251 1352 refert
1267 1302 1300 1353 ut
1317 1295 1491 1374 credantur,
1516 1299 1603 1360 ideo-

350 1374 527 1459 quamquod
544 1373 665 1434 sectarii
679 1372 735 1433 rite
751 1390 812 1433 non
830 1371 956 1432 credunt
995 1393 1055 1454 qne
1074 1376 1188 1453 absque
1211 1376 1316 1437 salutis
1336 1378 1519 1442 detrimento
1539 1402 1606 1463 pos-

351 1460 480 1541 spmboli
500 1456 657 1531 articulis,
681 1473 757 1536 quos
787 1455 957 1533 intelligunt
997 1466 1067 1518 sunt
1086 1477 1145 1518 non
1167 1459 1260 1519 credi.
1281 1461 1311 1520 2.
1334 1461 1414 1523 lnter
1434 1466 1605 1528 catholicos

353 1545 436 1606 iuxta
454 1541 607 1622 proprium
630 1559 776 1616 sensum,
797 1541 883 1620 plura
902 1538 958 1600 ad·
999 1549 1153 1621 praeterea
1181 1544 1281 1623 plures
1309 1547 1524 1626 reperiuntur,
1557 1551 1610 1630 qui

355 1630 415 1690 buc
442 1627 552 1688 debent
569 1623 675 1702 credi,
707 1643 785 1704 quae
814 1623 960 1704 implicite
1000 1643 1126 1687 erronea
1145 1627 1188 1687 uti
1205 1645 1274 1688 vera
1301 1631 1439 1706 credunt,
1460 1641 1491 1693 et
1507 1634 1610 1714 plures

354 1713 454 1773 solum
473 1710 504 1770 in
526 1709 661 1790 symbolo
683 1709 843 1784 habentur,
864 1725 960 1786 quae·
1001 1710 1141 1771 veritates
1172 1713 1320 1773 revelatas
1339 1715 1506 1792 ignorant3
1529 1718 1610 1798 qnod

356 1814 415 1876 que
434 1793 515 1856 credi
541 1793 652 1855 debent
673 1791 835 1871 explicite,
867 1809 961 1870 quum
1001 1794 1147 1871 contingit
1157 1798 1392 1874 protestantibus
1404 1799 1486 1861 circa
1499 1804 1610 1862 articu-

356 1881 396 1942 ab
435 1877 563 1940 ecclesia
602 1875 751 1938 credenda
786 1893 962 1957 proponun-
1004 1877 1048 1937 los
1072 1896 1130 1938 non
1150 1879 1400 1943 fundamentales.
1422 1885 1453 1944 3.
1479 1883 1610 1954 Quodsi

358 1974 408 2026 tur
427 1963 488 2044 (i).
1004 1960 1132 2039 dicatur,
1157 1964 1321 2026 catholicos
1349 1966 1471 2029 credere
1504 1971 1609 2030 saltem

346 2104 353 2118 ,
403 2049 476 2109 tlt.
496 2045 539 2106 Ad
554 2045 584 2106 3.
601 2047 675 2126 Nep.
689 2043 784 2106 lmrno
800 2061 870 2106 vero
882 2041 966 2105 Chri·
1006 2045 1161 2126 implicite,
1176 2047 1256 2128 quod
1272 2049 1366 2110 credit
1381 2050 1520 2130 ecclesia3
1539 2072 1611 2132 qua-

359 2143 425 2195 stus
452 2129 575 2192 credere
607 2129 752 2210 praecipit
776 2147 812 2190 ea
839 2127 963 2204 omnia,
1006 2147 1040 2190 re
1058 2129 1175 2210 idpsum
1200 2131 1339 2194 sulficere
1367 2152 1428 2195 non
1447 2137 1558 2215 poterit
1576 2135 1611 2196 ad

349 2235 440 2296 ¹quae
463 2213 612 2276 credenda
640 2213 768 2274 ecclesia
801 2211 965 2294 proponit,
1007 2213 1135 2275 salutem
1158 2217 1417 2295 protestantibus,
1440 2220 1492 2299 qui
1511 2219 1613 2300 impli-

362 2301 423 2361 illis
437 2299 547 2360 verbis:
570 2297 603 2360 St‘
619 2297 768 2359 ecclesium
785 2313 847 2358 non
865 2295 969 2358 oudo·
1007 2297 1066 2358 cite
1085 2297 1210 2358 credunt
1228 2299 1375 2380 quidquid
1394 2301 1531 2364 Christus
1560 2304 1611 2363 do-

363 2386 416 2460 rit,
437 2385 475 2445 sit
490 2381 545 2443 tibi
568 2381 646 2443 sicot
664 2381 798 2442 ethnicus
819 2390 845 2442 et
865 2379 968 2459 publi·
1008 2381 1070 2442 cuit
1098 2390 1127 2444 et
1145 2381 1176 2442 in
1194 2379 1348 2463 Scriptura
1366 2386 1563 2448 continetur?
1580 2388 1609 2446 t.

364 2486 457 2531 cortus
474 2467 534 2546 (3),
554 2472 587 2525 ut
619 2472 719 2525 cetera
737 2463 848 2525 similia
877 2462 969 2523 omit·
1009 2464 1152 2545 Alioquin
1167 2465 1258 2526 nimis
1276 2477 1480 2530 coarctaretur
1493 2471 1615 2532 creden-

367 2561 440 2613 tam.
461 2551 500 2612 llt
517 2548 611 2624 ideo,
633 2547 714 2627 quod
733 2548 820 2628 plura
837 2548 869 2608 in
888 2545 971 2608 Scri·
1010 2548 1084 2609 tium
1101 2558 1131 2610 et
1145 2549 1353 2611 salvandorum
1373 2571 1530 2632 numerus,
1549 2574 1614 2615 cum

367 2634 463 2717 pturis
474 2651 534 2695 non
548 2633 707 2694 suntclare
722 2649 873 2712 expressa,
889 2630 974 2694 Chri·
1012 2632 1177 2710 catholici,
1198 2653 1266 2695 curn
1289 2635 1463 2698 infidelibus
1480 2647 1511 2699 et
1529 2639 1615 2699 sectis

366 2729 432 2780 stus
448 2737 508 2779 non
526 2715 722 2797 scripturam,
743 2715 796 2778 sed
813 2714 971 2778 ecclesiam
1013 2716 1184 2778 christianis
1196 2718 1343 2780 universis
1356 2722 1534 2802 comparati,
1549 2742 1616 2802 pau-

368 2813 511 2884 tanquam
545 2801 710 2882 proximam
743 2800 812 2862 fidei
838 2800 973 2876 regulam
1014 2799 1041 2861 ci
1075 2801 1196 2862 omnino
1216 2802 1300 2878 sint,
1319 2821 1388 2865 cum
1411 2814 1513 2866 tamen
1539 2805 1614 2867 Deus

369 2887 458 2950 nobis
476 2885 657 2964 assignarit,
685 2887 782 2966 atque
802 2885 974 2963 magistram
1015 2883 1085 2945 velit
1103 2903 1208 2946 omnes
1246 2886 1384 2948 homines
1413 2890 1511 2951 salros
1540 2889 1613 2950 fieri.

372 2971 466 3034 dedit.
492 2970 603 3032 Eadem
622 2967 744 3030 demum
764 2969 877 3030 credita
907 2968 976 3028 lue·
1015 2968 1104 3044 Ergo.

374 3064 445 3116 runt
474 3053 580 3134 primis
609 3053 762 3130 saeculis,
793 3072 871 3134 quae
896 3071 978 3113 nunc
1060 3053 1131 3113 tt8.
1150 3051 1239 3132 Resp.
1256 3053 1294 3114 ad
1315 3055 1344 3115 l.
1364 3057 1402 3118 D.
1416 3054 1498 3117 luter
1511 3075 1562 3119 res
1575 3076 1617 3118 re

374 3139 567 3213 creduntur3
592 3136 644 3197 sed
663 3138 789 3198 sortasse
821 3137 859 3198 ab
891 3135 978 3197 initio
1018 3135 1130 3197 velatas
1145 3136 1225 3215 haud
1237 3155 1350 3218 paucae
1362 3148 1443 3217 sunt,
1461 3159 1541 3220 quae
1556 3143 1618 3203 abs-

373 3224 472 3284 solum
492 3220 649 3300 implicite,
668 3229 772 3301 postea
793 3239 864 3282 xero
883 3219 979 3300 expli·
1020 3238 1079 3298 que
1093 3220 1197 3281 salutis
1215 3220 1470 3301 iacturaignorari
1482 3233 1616 3304 possunt,

374 3306 433 3368 cite
449 3304 563 3366 credita
579 3311 660 3364 sunt.
1020 3320 1074 3363 seu
1090 3323 1216 3382 quarum
1236 3306 1344 3367 notitia
1363 3307 1401 3368 ad
1418 3308 1546 3370 salutem
1568 3328 1618 3370 ne·

419 3390 491 3450 lib.
512 3387 556 3450 nd
574 3388 605 3448 l.
626 3389 664 3451 l).
688 3383 824 3448 Nondum
845 3385 979 3463 definita,
1021 3387 1151 3448 cessaria
1176 3397 1312 3467 nonest,
1337 3391 1386 3469 C.;
1411 3410 1489 3470 quae
1509 3394 1620 3473 possint
1675 3386 1676 3459 ]

378 3475 428 3553 C.;
453 3483 520 3554 post
542 3470 745 3533 definitionem
763 3517 772 3548 ‚
789 3473 827 3536 N.
849 3470 983 3553 Respon·
1022 3488 1081 3530 non
1099 3471 1203 3546 credi,
1223 3471 1248 3534 si
1270 3474 1436 3536 credendae
1451 3493 1619 3556 proponan-
1675 3484 1676 3539 l

375 3558 421 3620 sio
440 3565 521 3638 patet
535 3575 569 3618 ex
585 3563 673 3617 antea
688 3554 787 3617 dictis.
1022 3562 1082 3630 tur,
1102 3557 1141 3619 N.
1159 3555 1221 3617 Hoc
1240 3557 1319 3618 enim
1350 3559 1427 3619 foret
1455 3559 1546 3620 sidem
1570 3561 1619 3621 de-

421 3643 493 3703 lte.
514 3641 558 3702 Ad
584 3641 613 3702 5.
635 3641 674 3702 D.
707 3638 852 3703 Catholici
871 3638 981 3731 distin·
1024 3647 1149 3700 treetnre
1168 3639 1229 3701 Deo
1247 3689 1255 3717 ,
1275 3659 1414 3704 summae
1429 3643 1571 3722 raritati,
1590 3662 1619 3706 ac

377 3733 473 3806 guunt
489 3725 567 3786 inter
586 3724 729 3788 articulos
748 3725 935 3786 necessarios
954 3733 984 3786 et
1022 3732 1181 3803 propterea
1196 3725 1335 3805 impium.

378 3830 439 3872 non
471 3808 657 3870 necessarios
693 3807 770 3870 scitu
804 3809 983 3870 necessitate
1067 3808 1138 3869 tlt).
1158 3806 1202 3868 Ad
1222 3809 1253 3869 2.
1281 3811 1318 3871 D.
1339 3809 1448 3872 Errore
1475 3810 1619 3874 materiali

379 3891 472 3955 medii
483 3901 535 3954 arxt
546 3892 696 3972 praecepti
714 3892 752 3954 ad
768 3893 909 3970 salutem,
931 3895 980 3969 C.;
1022 3899 1053 3951 et
1069 3890 1238 3968 ignorantia
1250 3892 1437 3974 inculpabili,
1451 3896 1502 3957 Tr.
1517 3897 1561 3957 vel
1575 3898 1617 3968 C.;

415 4056 453 4122 (ll
470 4055 499 4106 ld
512 4064 581 4123 patet
593 4073 623 4107 ex
642 4055 729 4106 verbis
741 4055 866 4123 Apostoli,
890 4055 911 4107 1.
923 4055 983 4108 Cor.
1058 4056 1096 4124 (tl
1114 4057 1180 4109 Sane
1202 4075 1224 4109 a.
1247 4057 1442 4111 Bonaventurae
1463 4076 1536 4110 mens
1554 4074 1621 4124 prac-

382 4124 404 4185 Ι,
417 4128 461 4185 lo,
475 4128 516 4174 tx.
1026 4131 1143 4192 tcrquum
1161 4126 1230 4193 quod
1249 4136 1318 4194 patet
1341 4128 1438 4192 exiis,
1460 4144 1528 4194 quae
1551 4127 1621 4176 babet

325 4222 326 4226 =
418 4193 456 4257 (Ξ)
475 4188 550 4254 Quod
566 4190 648 4256 reipsa
668 4189 986 4258 protestantesexproprio
1026 4193 1076 4243 loc.
1091 4194 1153 4255 cit,
1171 4203 1270 4260 quaest.
1294 4203 1320 4256 t,
1344 4204 1370 4246 ct
1387 4200 1419 4260 2,
1437 4196 1463 4245 in
1486 4204 1586 4261 quaest.
1597 4198 1620 4252 5,
1674 4212 1675 4235 i

381 4275 512 4319 sensu‚ac
531 4257 637 4323 prolude
654 4256 824 4308 diversimode
842 4259 988 4325 intelligant
1026 4275 1054 4308 n.
1071 4263 1098 4321 b,
1117 4261 1222 4312 scribit:
1248 4261 1332 4314 «ideo
1357 4279 1387 4313 ex
1409 4262 1459 4314 lxoc
1476 4277 1528 4312 non
1547 4268 1621 4328 potest

367 4326 504 4378 ‘articulos
522 4325 581 4376 fidei
601 4327 626 4376 ixx
644 4324 760 4392 symbolo
771 4327 908 4391 apostolico
918 4342 988 4378 con·
1027 4327 1158 4388 concludi,
1176 4327 1245 4395 quod
1263 4329 1357 4398 uliquis
1379 4345 1426 4395 per
1445 4328 1621 4380 fidem-tenea-

384 4403 477 4456 tentos,
495 4402 565 4460 petet
582 4409 613 4443 ex
630 4391 731 4442 diversa
749 4394 855 4457 ratione,
874 4410 924 4460 qua
942 4410 988 4444 ex·
1027 4403 1070 4444 tur
1082 4411 1169 4446 nturies
1186 4397 1307 4447 articulos
1324 4397 1443 4464 explicita
1455 4396 1570 4457 credere,
1583 4392 1620 4444 sed
1674 4424 1675 4453 3

385 4470 483 4528 ponunt
500 4461 639 4512 articulum
657 4459 689 4510 de
707 4461 813 4510 ccclesia
838 4461 985 4523 Lutlxerus,
1028 4462 1162 4526 implicite.
1182 4463 1307 4531 Explicite
1324 4475 1421 4523 autem,
1434 4481 1494 4516 curn
1505 4480 1533 4514 se
1554 4462 1621 4513 offert

383 4530 521 4592 calvinus,
540 4538 565 4580 et
582 4545 612 4579 ex
631 4527 771 4593 anglicanis
784 4527 938 4579 Pearsoniua
962 4530 988 4580 in
1027 4532 1214 4595 opportunitas,
1235 4541 1324 4597 utpote
1347 4531 1450 4599 quondo
1473 4531 1566 4600 uliquis
1586 4544 1621 4578 ar·

383 4613 428 4646 sna
448 4598 524 4648 huius
534 4596 641 4664 symboli
656 4597 820 4662 expositione.
1029 4597 1123 4648 ticulns
1135 4599 1172 4650 illi
1190 4598 1354 4665 praedicatur
1375 4600 1408 4650 ub
1426 4615 1475 4663 eo,
1493 4600 1536 4651 eui
1554 4596 1621 4648 debet

422 4667 458 4732 (x)
474 4665 564 4715 blattb.
579 4663 673 4726 XVlll,
688 4668 729 4714 ll.
1028 4663 1142 4717 credere.
1574 4693 1577 4698 ·
