3700 5659
800 507 951 550 cnl’bltx.
1398 497 1458 558 ll5

244 598 419 661 hilorninus
438 599 468 658 in
490 599 546 658 boc
575 599 640 679 ipso
672 608 701 658 ct
732 598 762 658 in
789 598 856 658 aliis
896 601 1498 685 spectarepossitadEcclesiaeanimam,

245 684 435 765 pertinaces,
456 682 529 762 quia
549 682 587 743 ab
614 681 747 744 Ecclesia
769 700 855 744 rece·
896 683 1033 764 adeoque
1055 686 1174 746 salvari.
1198 687 1309 748 Exinde
1341 689 1497 770 sequitur,

243 770 343 843 dunt,
366 786 444 847 quae
462 766 522 827 illis
544 766 727 828 sufficienter
749 785 858 846 propo·
896 767 999 846 quod,
1021 768 1047 829 si
1073 769 1141 848 quis
1168 771 1299 831 nondum
1332 773 1500 853 baptizatus

243 853 389 928 sitaest,
402 859 433 912 et
449 850 535 910 cuius
548 849 578 909 in
595 848 767 930 Scripturis,
782 869 857 930 quas
896 858 977 911 erret
999 851 1029 912 in
1049 853 1117 928 lide,
1141 855 1234 933 possit
1252 855 1372 934 quidem
1398 858 1428 916 in
1451 860 1464 918 l
1483 894 1500 905 -

251 935 431 1011 admittunt,
449 934 633 994 sufficienter
656 933 856 994 manifestatio
897 953 930 994 ro
951 934 1068 996 interno
1088 954 1141 997 scu
1160 956 1259 998 coram
1283 939 1341 999 neo
1362 942 1497 1002 haereti-

244 1016 535 1090 continetur.,Cum
552 1017 643 1093 igitur
656 1026 686 1078 et
707 1018 857 1078 sufficien·
896 1036 950 1078 cus
966 1037 1044 1091 esse,
1062 1027 1092 1080 et
1106 1021 1211 1100 culpae
1233 1031 1263 1082 et
1280 1041 1393 1102 poenae
1413 1043 1496 1102 rcus,

248 1112 314 1164 tem
336 1103 497 1182 quisquam
517 1101 627 1162 habeat
641 1101 776 1162 notitiam
796 1101 856 1162 exi·
897 1111 1071 1162 nouantem
1088 1103 1117 1163 in
1135 1105 1200 1165 loro
1219 1115 1352 1182 externo,
1377 1109 1408 1168 in
1436 1127 1499 1189 quo

245 1187 385 1247 stantiae
396 1205 483 1247 uerae
491 1185 654 1262 Ecclesiae,
667 1203 745 1264 quae
758 1186 855 1265 ipsum
896 1203 1011 1265 poenae
1030 1187 1176 1248 obnoxius
1192 1199 1321 1250 nonest.

187 1285 191 1292 ·
246 1271 291 1330 ad
308 1270 492 1331 credendum
512 1268 679 1343 adstringit,
695 1267 785 1348 alque
800 1269 867 1330 lna-⁴
939 1269 1012 1334 lta.
1038 1269 1145 1331 Verum
1183 1273 1255 1352 quid
1280 1273 1436 1336 dicendum
1458 1277 1497 1338 de

248 1355 327 1415 beat
342 1362 496 1435 praeterea
506 1353 641 1413 notitiam
659 1353 854 1414 subicientem
897 1353 987 1414 sectis
1006 1353 1082 1428 illis,
1102 1358 1179 1433 quae
1195 1357 1325 1418 salutare
1351 1369 1501 1439 respuunt

248 1437 857 1516 definitionisEcclesiae‚sinolitacquie-
897 1435 1061 1508 lavacrum,
1083 1455 1219 1519 quasque
1241 1442 1330 1520 paulo
1358 1452 1427 1504 ante
1442 1461 1498 1504 re-

249 1541 355 1597 scere,
376 1541 412 1581 eo
430 1521 509 1600 quod
528 1529 628 1600 putet,
648 1539 681 1580 se
700 1520 855 1581 meliorem
896 1521 1086 1582 censuimus?
1105 1521 1248 1584 Videntur
1265 1525 1320 1585 hae
1335 1526 1440 1587 eodem
1465 1529 1497 1588 in

248 1605 367 1667 sectari
384 1604 548 1665 doctrinam
567 1622 615 1681 ea,
636 1623 715 1683 quae
739 1604 778 1666 ab
796 1605 856 1665 Ec·
897 1621 988 1664 censu
1007 1605 1162 1666 habendae
1178 1625 1255 1684 esse,
1278 1625 1338 1688 quo
1357 1609 1499 1671 detinen—
1530 1605 1531 1610 ’

249 1691 350 1752 clesla
365 1689 513 1750 credenda
523 1689 711 1768 proponitur,
726 1688 780 1748 hac
791 1689 857 1768 ipsa
898 1697 947 1747 tur
965 1690 1188 1767 catechumeni,
1212 1699 1272 1752 tum
1292 1701 1428 1772 respectu
1449 1696 1498 1772 lo-

250 1775 289 1835 de
311 1793 405 1834 causa
420 1791 488 1832 uere
505 1791 540 1832 ac
554 1772 720 1838 formaliter
731 1791 763 1834 se
782 1773 856 1834 bae·
897 1771 922 1830 ri
945 1770 1066 1847 interni,
1087 1781 1150 1834 tum
1170 1785 1306 1855 respectu
1322 1777 1379 1836 lori
1399 1787 1498 1840 enter·

250 1859 385 1919 seticum
405 1875 471 1918 esse
489 1856 649 1916 convincit.
897 1854 939 1930 ni,
961 1856 1061 1934 quoad
1076 1859 1194 1938 culpam
1214 1867 1243 1919 et
1255 1877 1379 1938 poenam
1395 1879 1496 1924 coram

295 1943 374 2002 475.
396 1942 428 2002 5⁰
445 1941 569 2001 bernuin
592 1949 742 2020 postrema
775 1940 858 2000 clau·
898 1938 981 2014 Deo,
1002 1947 1032 2000 et
1062 1941 1160 2020 quoad
1183 1959 1294 2022 poenas
1317 1947 1498 2023 temporales

248 2027 324 2087 sula
342 2025 517 2105 apponitur:
537 2025 568 2084 in
598 2025 715 2085 homine
743 2025 794 2102 qui
826 2042 858 2085 se
897 2021 928 2081 in
946 2031 1066 2084 caterno
1087 2023 1236 2086 Ecclesiae
1256 2025 1333 2086 loro.
1371 2026 1500 2090 Verum-

248 2110 457 2172 rbriatr'unum
479 2110 661 2187 profitetur,
692 2107 764 2187 quia
782 2107 857 2168 hae·
898 2111 996 2168 tamen
1008 2106 1056 2166 isti
1073 2126 1143 2187 prae
1158 2108 1218 2170 illis
1233 2127 1286 2189 per
1300 2127 1332 2171 se
1343 2111 1430 2188 longe
1445 2112 1500 2174 de-

252 2193 335 2254 resis
353 2192 526 2254 subiectum·
543 2191 594 2252 ille
622 2191 706 2252 solus
724 2199 785 2266 est,
798 2190 856 2270 -qui
880 2188 1016 2250 terioris
1031 2191 1210 2253 conditionis
1221 2201 1301 2269 sunt,
1319 2195 1499 2256 rationeha·
1525 2205 1528 2210 ’

250 2279 284 2336 in
304 2277 457 2338 Christum
476 2275 563 2336 tidem
582 2274 811 2354 praehabuerit,
827 2283 858 2336 et
896 2272 958 2333 bita
976 2273 1014 2334 ad
1027 2273 1159 2355 ipsorum
1181 2276 1324 2338 malitiam
1340 2284 1371 2339 et
1388 2278 1498 2360 impie·

248 2379 310 2440 per
342 2360 522 2440 baptismum
554 2359 585 2418 in
612 2358 774 2419 Ecclesiam
807 2359 857 2418 in·
898 2364 1001 2418 tatem.

249 2462 378 2519 gressus
399 2444 505 2520 luerit,
535 2451 675 2521 erretque
699 2441 728 2502 in
754 2442 856 2521 aliquo
939 2441 1013 2501 llo.
1030 2439 1062 2501 ln
1082 2442 1175 2504 dubio
1194 2459 1286 2520 vero,
1308 2452 1408 2506 utrum
1437 2447 1497 2507 ali·
1591 2488 1593 2493 -

250 2527 327 2588 fidei
345 2527 473 2588 articulo
488 2526 527 2588 ab
543 2525 678 2587 Ecclesia
690 2527 854 2606 proposito.
897 2524 1073 2602 quisluerit
1086 2545 1180 2588 necne
1196 2527 1359 2612 baptizatus
1374 2537 1425 2591 aut
1439 2533 1500 2592 sal·

252 2611 339 2672 llaec
359 2629 413 2691 per
434 2619 533 2691 partes
550 2609 735 2690 explananda
756 2618 837 2670 sunt.
897 2608 1026 2669 temnite
1042 2627 1076 2672 ac
1091 2610 1187 2672 valide
1203 2611 1323 2689 tinctus,
1338 2629 1498 2692 praesum-

297 2696 374 2756 476.
390 2695 535 2774 deprimo
548 2694 855 2773 quidemclcbetproe·
896 2691 958 2770 ptio
977 2701 1022 2752 cst
1041 2713 1094 2772 pro
1113 2693 1274 2756 collatione
1302 2705 1333 2756 et
1358 2715 1410 2776 pro
1437 2698 1499 2759 ba·
1528 2707 1531 2712 ’

251 2780 394 2850 habuisse
411 2780 509 2859 fidem,
526 2796 580 2838 seu
596 2785 713 2856 oportet
726 2785 759 2838 ut
774 2777 857 2856 prius
896 2774 998 2853 ptismi
1009 2777 1124 2838 valore:
1135 2778 1270 2857 adeoque
1282 2779 1419 2840 subiacet
1430 2799 1501 2841 sorr-

251 2862 429 2939 crediderit‚
446 2870 508 2922 eta
525 2861 582 2922 sule
599 2870 719 2941 recepta
737 2860 856 2921 desece—
896 2857 1046 2919 ctionibus
1065 2861 1104 2921 ab
1123 2861 1257 2922 Ecclesia
1271 2870 1375 2923 contra
1393 2863 1502 2925 haere·

253 2946 308 3020 cit,
330 2957 365 3007 ut
382 2946 426 3007 sic
448 2945 649 3022 distinguatur
666 2944 704 3006 ab
728 2944 795 3006 aliis
812 2944 857 3004 in·
896 2941 971 3007 ticos
986 2943 1168 3004 constitutis.

256 3029 413 3092 fidelitatis
434 3029 616 3110 speciebus,
641 3027 809 3106 Paganismi
827 3036 856 3089 et
938 3026 1019 3086 48οζ
1035 3026 1074 3087 Ex
1099 3028 1244 3090 hactenus
1264 3029 1429 3091 enucleatis
1445 3031 1501 3093 ha·

254 3112 403 3174 ludaismi
430 3112 492 3192 (l).
531 3111 606 3173 llinc
635 3109 868 3188 Tertullianus,1
895 3108 1502 3192 bemusneramgenuinamquetumhae·

256 3197 539 3268 hacreticunrillum
552 3214 618 3258 esse
632 3197 771 3273 affirmat,
789 3195 853 3275 qui,
895 3211 1010 3271 rescos,
1049 3203 1112 3256 tum
1149 3196 1293 3257 haeretici
1326 3199 1495 3277 notionem,

212 3305 216 3313 =
252 3282 368 3344 deserto
382 3283 459 3360 quod
472 3282 562 3359 prius
577 3279 691 3358 fumat,
709 3281 741 3342 id
755 3288 855 3358 posteo
895 3281 984 3357 prout
1003 3277 1032 3338 in
1051 3280 1265 3362 propositionis
1283 3282 1499 3346 enunciatione

253 3366 312 3426 sibi
324 3367 445 3444 elepcrit
462 3367 539 3442 quod
555 3374 637 3426 retro
649 3382 710 3426 nou
718 3362 852 3442 crut(‘l);
895 3361 1122 3426 constituimus.

255 3449 337 3527 quod
357 3447 484 3526 intelligi
506 3447 596 3510 debet
623 3466 683 3508 nou
701 3448 798 3508 solum
817 3448 854 3508 de

254 3532 425 3593 delectione
445 3552 462 3593 a
484 3531 542 3592 lide
565 3531 734 3606 catholica,
761 3530 814 3592 sed
836 3550 854 3592 a
1083 3530 1258 3576 PROPOSWIO
1272 3533 1304 3576 ¹1·
1432 3552 1469 3590 aa

255 3633 448 3696 quacumque
465 3616 534 3692 fide,
550 3633 604 3695 per
617 3633 707 3695 quam
719 3613 855 3677 christia.
936 3609 1069 3663 Haereaeoc
1084 3618 1208 3694 pcccctpup
1226 3619 1261 3666 erl
1273 3617 1299 3663 a'n
1312 3619 1396 3676 emere
1409 3629 1457 3666 auo

255 3719 294 3760 na
308 3700 414 3777 religio
433 3699 608 3780 recipiatur,
624 3717 678 3759 seu
697 3698 770 3759 satis
795 3706 852 3773 est,
1102 3695 1284 3740 ⁹'“⁰’'⁸¹'”“m·

254 3792 287 3845 ut
305 3783 337 3844 in
356 3783 507 3846 Christum
527 3782 629 3862 aliqua
645 3782 762 3844 ratione
785 3799 853 3844 cre·
936 3778 1395 3848 tel.1laercse0sn0minehic
1415 3803 1503 3847 com-

252 3866 374 3928 diderit.
893 3863 1053 3944 plectimur
1073 3874 1134 3926 tum
1151 3865 1302 3928 obiectum
1326 3887 1380 3932 seu
1403 3877 1502 3932 mate·

295 3953 372 4012 ΛΠ.
393 3948 546 4025 Secundo,
566 3949 728 4012 adiicitur:
758 3958 785 4012 et
801 3967 855 4028 per
893 3947 982 4023 riam,
1001 3957 1062 4010 tum
1075 3947 1244 4011 subiectum
1263 3969 1316 4013 seu
1336 3971 1504 4033 personam

241 4035 436 4115 boptbmuua
461 4037 494 4098 iu
513 4035 675 4098 Ecclesium
702 4036 855 4114 inpressas
894 4031 1041 4092 haeresim
1058 4033 1258 4114 profitentem.

251 4118 371 4195 suerit,
396 4118 468 4199 quia
484 4138 539 4199 per
561 4118 744 4198 baptismum
764 4117 853 4178 homo
936 4115 1009 4177 lna.
1027 4115 1068 4178 De
1085 4115 1246 4180 haereseos
1261 4125 1368 4182 natura
1386 4127 1443 4197 est,
1464 4129 1499 4182 ut

253 4202 285 4261 ot
304 4204 425 4283 proprie
442 4202 625 4264 christianus
647 4211 676 4262 et
701 4201 854 4264 Ecclesiae
893 4197 1068 4262 adversetur
1085 4199 1236 4264 ueritatia
1260 4199 1321 4264 lleo
1349 4205 1500 4266 revelatae

253 4287 437 4363 membrum,
458 4286 528 4348 dum
549 4287 853 4348 catechumenusnon
893 4293 984 4362 atque
1006 4283 1043 4344 ab
1074 4284 1209 4348 Ecclesia
1239 4285 1278 4347 ad
1310 4287 1494 4348 credendum

252 4379 298 4429 est
315 4369 375 4430 uisi
391 4370 424 4430 in
437 4369 496 4447 ria,
518 4379 548 4431 ct
567 4370 598 4430 in
614 4370 765 4432 Ecclesiae
782 4387 853 4430 cor·
893 4367 1064 4446 propositae
1083 4377 1135 4430 aut
1162 4387 1301 4450 expressa
1322 4369 1498 4431 definitione

253 4472 309 4531 pus
340 4455 472 4516 noudum
509 4462 666 4534 cooptatus
683 4451 750 4532 est,
783 4453 853 4514 licet
892 4449 1061 4529 dogmatica
1081 4462 1133 4514 aut
1162 4451 1293 4534 practico
1312 4471 1367 4514 suo
1398 4451 1500 4530 magi-

927 4567 966 4634 (ἢ)
992 4565 1050 4618 Lib.
1076 4571 1088 4618 l
1117 4571 1195 4617 ocule.
1215 4565 1297 4620 Marc.
1324 4579 1382 4634 cap.
1402 4570 1428 4628 l,
1452 4565 1500 4620 ed.

286 4633 325 4703 (l)
339 4633 380 4688 Cf.
400 4653 422 4686 s.
434 4635 485 4687 Tb.
499 4635 533 4698 ll,
546 4639 572 4698 ἒ,
586 4652 613 4704 q.
627 4639 669 4699 l0,
683 4643 731 4688 art.
746 4640 772 4688 5.
893 4631 952 4700 big.
