3700 5659
407 507 467 568 130
924 506 963 552 nn
980 500 1048 550 rma

363 615 420 678 teri
439 614 635 693 imperatores
653 603 852 668 desciscentes
870 619 887 663 a
912 619 966 662 ca-

364 698 476 762 bh⁰li⁰a
493 695 563 772 fidet
592 691 734 786 Morem,
749 695 846 782 mat}
863 693 945 746 sunt'
1011 721 1105 776 Varias
1118 726 1207 775 classes
1223 729 1391 788 expenduntur·
1407 739 1502 785 comm,
1519 729 1558 788 qui
1567 743 1603 788 per

408 783 481 845 525·
503 779 581 875 cm,
606 783 755 858 3Ρθῦἷῗύηα
777 769 902 868 ,ΡΘῙῚΠΕῙΘ
919 787 970 831 ‘¹³'
1044 804 1196 864 apostasiam
1219 804 1349 850 statuamus
1365 817 1408 852 sess
1426 806 1603 865 aequivalentem

365 871 438 938 leat,
458 871 491 928 ut
523 861 664 938 marmus,
695 877 730 921 ac
756 855 900 918 discessio
917 858 971 948 aut
1045 893 1061 926 a
1078 879 1271 938 ,prgqmfiqq
1288 877 1410 938 gaam,

366 948 510 1026 recessio,
539 945 615 1008 duos
646 942 790 1005 terminos
815 944 969 1022 supponit,

368 1038 508 1111 alterum,
527 1050 545 1092 a
573 1047 633 1110 quo
652 1027 720 1107 quis
742 1023 877 1102 recedit,
897 1023 973 1084 alta·
1055 1022 1129 1084 5ll.
1149 1021 1192 1084 Es
1206 1019 1379 1103 praemissis
1397 1020 1569 1084 notionibus
1581 1043 1607 1085 a·

368 1139 448 1196 rum,
463 1115 500 1178 ad
513 1133 603 1196 quem
616 1107 818 1193 quisaccedit.
832 1105 889 1178 Qui
905 1123 974 1188 pro-
1015 1105 1146 1189 postasia
1163 1125 1231 1168 curn
1245 1106 1324 1168 dicat
1341 1124 1494 1168 recessum
1504 1125 1557 1168 seu
1567 1107 1606 1168 di-

369 1203 439 1266 inde
457 1202 516 1262 boe
527 1217 559 1260 se
571 1195 666 1259 atroci
678 1193 804 1255 crimine
821 1191 972 1272 polluunt,
1015 1209 1149 1254 seessum
1164 1209 1181 1252 a
1195 1189 1268 1268 Deo,
1283 1209 1350 1253 curu
1365 1209 1425 1270 quo
1440 1191 1547 1252 saltem
1565 1211 1607 1271 per

291 1305 293 1308 ’
370 1285 498 1368 duplicis
537 1275 750 1343 immanissimi
782 1274 896 1356 peccati
930 1271 976 1335 rei
1016 1273 1608 1355 fidemquisconiungebatur,couseqni·

371 1370 606 1442 constituuntur,
623 1373 688 1424 tum
706 1358 883 1423 desertionis
897 1357 977 1420 chri·
1018 1367 1088 1437 tur,
1113 1359 1276 1438 generatim
1302 1365 1469 1439 apostatam
1500 1377 1609 1420 omnem

372 1456 488 1518 stianae
508 1447 643 1512 veritatis
655 1495 663 1524 ,
676 1454 752 1507 tum
781 1439 977 1526 professionis
1018 1461 1097 1520 esse,
1114 1441 1167 1523 qui
1181 1460 1281 1506 reram
1293 1442 1381 1504 fidem
1394 1441 1520 1520 deserit,
1531 1462 1610 1522 quam

373 1546 425 1602 aut
439 1531 605 1618 paganismi
613 1538 664 1593 aut
675 1525 911 1604 mahumetismi,
925 1532 979 1588 aut
1019 1526 1087 1608 quis
1106 1535 1195 1588 antea
1212 1526 1418 1607 profitebatur,
1438 1545 1474 1587 ac
1504 1526 1611 1608 proles·

374 1617 527 1684 iudaismi.
546 1612 826 1678 Denominationem
845 1629 915 1673 nero
931 1627 980 1672 ac·
1019 1611 1134 1674 sionem
1157 1611 1393 1690 societatemque
1426 1609 1613 1672 christianam

376 1704 501 1788 quirunt
531 1720 549 1761 a
578 1698 706 1760 termino
735 1699 773 1759 ad
804 1713 910 1774 quem,
945 1711 980 1758 ac
1020 1695 1062 1756 ita
1090 1693 1212 1773 deserit,
1231 1702 1265 1756 ut
1286 1693 1363 1756 nolit
1390 1695 1523 1774 amplius
1547 1693 1614 1756 iuter

376 1783 553 1869 simpliciter
569 1781 676 1865 pagani
691 1788 742 1841 aut
752 1779 913 1855 islamitae,
929 1785 982 1840 aut
1021 1777 1166 1842 ecclesiae
1212 1777 1349 1841 membra
1396 1779 1613 1840 connumerari.

376 1870 479 1936 iudaei
499 1867 747 1940 denominantur,
767 1863 820 1945 qui
848 1862 981 1943 aliquam
1022 1861 1159 1944 Spectato
1179 1861 1237 1925 boc
1255 1860 1351 1944 primo
1368 1861 1520 1940 termino,
1539 1881 1615 1941 aquo

378 1979 412 2021 en
431 1954 479 2016 his
498 1947 762 2034 superstitionibus
774 1947 963 2030 profitentur.
1023 1947 1091 2028 quis
1104 1945 1229 2026 recedit,
1245 1953 1336 2028 patet,
1354 1953 1507 2027 apostatas
1523 1965 1616 2008 omnes

420 2039 493 2102 526.
522 2035 607 2097 Nunc
635 2031 723 2116 pauci
740 2032 801 2094 iam
822 2038 903 2109 sunt,
930 2027 983 2112 qui
1023 2030 1054 2092 in
1073 2029 1138 2112 pari
1166 2049 1232 2092 esse
1250 2028 1443 2107 conditione3
1477 2049 1581 2092 nerum
1597 2031 1617 2091 si

378 2123 514 2205 formali,
538 2119 630 2182 utita
648 2118 767 2199 loquar,
784 2114 936 2198 apostasia
951 2132 989 2186 se,
1024 2116 1100 2178 ratio
1119 2113 1265 2178 habeatur
1279 2113 1402 2176 alterius
1419 2115 1556 2192 termini,
1573 2115 1618 2176 sci·

380 2202 673 2282 commaculentll);
685 2199 984 2282 astirequentissime
1026 2199 1096 2262 licet
1112 2199 1151 2262 ad
1170 2217 1255 2279 qoem
1278 2197 1428 2278 quispiam
1446 2217 1480 2261 se
1493 2199 1617 2280 recipit,
1677 2253 1678 2276 ,

382 2289 576 2354 inveniuntur
606 2285 753 2347 luctuosis
771 2283 819 2345 bis
838 2282 984 2366 tempori·
1026 2291 1153 2366 possunt
1169 2290 1323 2365 apostatae
1351 2281 1382 2342 in
1399 2282 1498 2345 varias
1518 2285 1619 2346 classes
1677 2285 1678 2288 ’

382 2373 461 2451 bus,
498 2371 551 2453 qui
587 2367 805 2450 aequivalentis
837 2385 891 2428 sen
922 2366 986 2428 nir·
1028 2366 1194 2444 distingui,
1221 2374 1311 2448 prout
1327 2366 1422 2445 magis
1453 2368 1500 2428 nel
1532 2367 1621 2430 minus
1678 2423 1679 2434 ,

383 2457 475 2521 tualis
503 2474 539 2518 ac
560 2451 801 2534 interpretatinae
819 2449 988 2532 apostasiae
1028 2449 1172 2514 recedunt
1185 2458 1238 2512 ant
1251 2449 1428 2529 abscedunt,
1449 2451 1512 2514 sive
1530 2451 1562 2514 id
1575 2452 1621 2512 lle·

385 2541 494 2605 delicto
513 2557 545 2601 se
558 2537 709 2600 maculent
726 2553 780 2616 per
797 2533 988 2610 naufragium
1029 2535 1055 2598 ri
1078 2535 1230 2611 contingat
1252 2535 1351 2597 verbis
1369 2535 1431 2597 sive
1448 2535 1560 2616 factis,
1580 2543 1622 2599 aut

385 2625 481 2689 adde
500 2621 673 2684 christiana.
693 2619 735 2681 lle
757 2619 813 2682 bac
831 2625 989 2700 propterea
1030 2618 1235 2682 etiamnerbis
1252 2618 1393 2681 attactis.
1679 2621 1680 2628 ’

387 2708 462 2771 mihi
480 2703 625 2790 peculiari
643 2703 762 2766 ratione
778 2701 925 2779 agendum
944 2720 992 2765 es-
1074 2703 1147 2765 5⁶38.
1164 2703 1268 2783 ltaque
1283 2703 1381 2784 primo
1392 2703 1516 2766 veniunt
1534 2705 1566 2767 in
1578 2724 1624 2766 nu-

386 2813 420 2857 se
449 2788 638 2866 existimavi,
663 2796 697 2850 ut
718 2795 834 2851 mutum
852 2787 966 2849 malum
981 2820 1003 2864 ,·
1033 2806 1115 2850 mero
1136 2793 1365 2869 apostatarum,
1390 2787 1427 2849 de
1448 2788 1563 2870 quibus
1587 2798 1624 2852 est

388 2875 587 2959 quantumin
615 2892 663 2935 mc
695 2880 766 2949 est,
786 2891 804 2933 a
828 2870 993 2934 christiana
1032 2889 1145 2949 sermo,
1165 2877 1331 2952 quotquot,
1351 2871 1455 2934 relicta
1471 2873 1624 2936 revelatio-

387 2961 543 3043 republica
562 2965 705 3020 avertam.
726 2954 765 3018 Ut
792 2963 894 3018 autem
913 2974 993 3038 quo·
1033 2974 1071 3017 ne
1105 2957 1356 3038 supernaturali,
1391 2956 1625 3020 rationalismum
1679 2990 1680 2994 =

390 3045 459 3108 dam
478 3044 583 3106 ordine
601 3039 784 3122 procedam,
804 3047 868 3102 tum
892 3039 993 3102 diver·
1034 3041 1221 3120 profitentur,
1242 3058 1297 3104 sau
1313 3039 1439 3102 rationis
1457 3041 1581 3104 ductum
1599 3061 1627 3103 u-

390 3147 439 3190 sas
458 3127 569 3189 classes
587 3123 770 3186 enumerabo
789 3121 939 3185 eiusmodi
957 3142 994 3185 a·
1034 3123 1100 3186 nice
1119 3130 1353 3202 consectantur,
1384 3125 1504 3188 etiamsi
1522 3127 1626 3190 larvam

391 3218 601 3293 postutarum,
624 3215 688 3270 tum
717 3207 817 3268 varios
848 3213 993 3288 exponam
1035 3208 1167 3290 aliquam
1200 3215 1252 3272 aut
1271 3207 1410 3272 umbram
1443 3210 1628 3272 revelationis

391 3293 502 3372 gradus
534 3290 706 3354 istiusmodi
726 3289 881 3365 virtualis,
902 3309 994 3371 quam
1035 3292 1147 3370 fingant
1161 3310 1344 3370 agnoscere,
1365 3301 1399 3354 ut
1415 3311 1448 3355 se
1473 3293 1628 3356 christiano

392 3375 573 3458 nuncupavi,
596 3373 776 3457 apostasiae,
793 3382 856 3435 tum
873 3373 994 3437 demum
1035 3376 1092 3440 sub
1107 3376 1228 3438 nomine
1248 3383 1358 3456 tegant.
1380 3375 1531 3456 Ceterum,
1546 3378 1629 3460 quid·

393 3461 566 3541 gravitatem
589 3458 728 3541 peccati,
753 3457 840 3520 cuius
872 3476 905 3520 se
926 3477 996 3522 reos
1037 3460 1111 3542 quid
1129 3461 1451 3542 supernaturalismum
1478 3462 1557 3544 sapit
1574 3461 1630 3525 rei-

393 3545 520 3622 laeiunt,
537 3543 636 3628 quiin
652 3541 923 3626 eamimpingunt,
941 3543 995 3608 de·
1037 3563 1090 3626 psa
1108 3543 1271 3623 reiicinnt,
1301 3544 1430 3608 divinam
1449 3563 1496 3608 ex.
1514 3565 1561 3623 gr.
1587 3545 1630 3608 bi·

395 3630 528 3694 elarabo.
1038 3627 1167 3690 bliornm
1182 3628 1421 3712 inspirationem,
1433 3630 1629 3703 veracitatem,

1038 3711 1233 3790 creationem,
1245 3712 1402 3792 miracula,
1416 3713 1567 3794 vaticinia,
1577 3733 1632 3794 mq-

1039 3795 1130 3858 steria
1149 3796 1271 3875 omnia,
1292 3796 1421 3879 ideoque
1438 3795 1485 3860 Ss.
1507 3797 1631 3860 Trinita-

1040 3888 1099 3942 tem
1118 3887 1148 3942 et
1161 3880 1413 3960 incarnationem,
1428 3889 1457 3944 et
1476 3902 1554 3964 quae
1569 3901 1631 3946 cum

1040 3963 1100 4026 illis
1118 3963 1232 4027 aduena
1246 3975 1316 4028 sunt
1333 3965 1393 4046 (a).

432 4114 470 4181 (t)
487 4114 525 4166 lta
538 4113 612 4181 impii
623 4112 755 4166 christiani
768 4110 914 4180 opinionem
927 4127 1003 4178 prse-
1041 4113 1141 4166 Snintes
1154 4113 1180 4164 in
1192 4129 1234 4180 op.
1248 4113 1315 4166 diist.
1334 4119 1367 4165 du
1377 4118 1558 4181 rationattsme,
1570 4113 1634 4165 Paris

397 4182 538 4243 valentem,
563 4192 591 4232 ut
619 4184 707 4242 eiurat,
737 4188 897 4248 sequuntur3
914 4195 1001 4246 quon·
1042 4184 1120 4232 rats.
1145 4181 1184 4232 Da
1203 4181 1338 4233 starckio
1361 4182 1474 4234 Cossinio
1504 4182 1635 4246 Theodoti,

398 4250 469 4311 dam,
490 4265 550 4300 cum
574 4249 738 4316 paganismus
755 4248 782 4300 in
799 4245 1001 4307 scinderem,
1042 4246 1153 4317 Cbassuq
1171 4249 1274 4313 besem
1295 4253 1328 4300 cta
1340 4248 1527 4302 christianismus
1543 4253 1634 4301 satom-

399 4317 488 4385 plures
504 4315 600 4368 fiebant
617 4315 728 4384 psgsniq
745 4331 805 4366 cnm
821 4313 1002 4366 recollocaret
1042 4331 1096 4379 que,
1126 4315 1189 4368 trib.
1214 4316 1266 4368 vol.
1294 4315 1365 4368 Psris
1389 4319 1476 4379 1863,
1499 4333 1593 4369 necnon
1610 4316 1634 4366 in

399 4384 623 4446 mahometismus,
642 4382 737 4436 fiebant
749 4381 883 4443 alamitae,
895 4381 950 4432 sive
963 4381 1003 4433 iu·
1042 4384 1191 4435 Conclericis
1203 4386 1243 4435 des
1253 4384 1456 4436 demnastrstions
1466 4385 1634 4450 temploque,

399 4452 455 4504 daci
473 4451 670 4515 efficiebantur3
688 4457 836 4502 nontamen
853 4455 937 4500 astate
954 4448 1002 4502 bac
1044 4450 1115 4502 Paris
1135 4455 1211 4504 1855.
1231 4451 1294 4504 ltem
1304 4451 1329 4502 in
1348 4467 1392 4519 op.
1412 4450 1446 4502 bs
1458 4450 1540 4505 dissid
1555 4449 1635 4503 estu-

399 4531 485 4572 ncstra
503 4519 653 4581 doluerunt,
666 4519 710 4585 qni
723 4525 768 4568 aut
779 4516 946 4570 islsmismum
958 4525 1003 4569 aut
1043 4520 1151 4582 vaaqils.
1170 4517 1202 4570 Le
1220 4523 1319 4570 recreer
1341 4519 1440 4570 Stscuss
1459 4524 1482 4569 st
1503 4534 1541 4572 sss
1557 4522 1636 4568 adoer-

399 4588 554 4639 iudaismnm
572 4587 764 4654 profiterentur.
1043 4590 1129 4636 scires.
1148 4586 1212 4638 ltem
1223 4585 1255 4637 dc
1267 4585 1400 4655 anroger,
1413 4585 1503 4638 breta
1513 4603 1556 4640 sss
1566 4590 1585 4638 le
1595 4600 1635 4634 ra·

433 4658 470 4731 (Ξ)
484 4656 521 4709 lle
539 4654 634 4725 quibus
654 4653 752 4706 consuli
771 4660 878 4720 possunt
901 4651 1001 4705 Amantl
1045 4654 1196 4714 tionolt'smc,
