3700 5659
712 577 807 649 carun
824 577 885 620 un.
1329 563 1388 624 103

204 693 281 735 suam
299 670 366 732 aliis
383 669 538 750 propalare
556 669 602 730 nel
619 666 656 734 ad
675 667 791 730 instru-
810 681 813 713 ¹
833 667 1039 730 bellaticorum
1054 669 1219 751 exemplum
1237 670 1377 750 declarat,
1397 673 1433 732 sn-

204 758 323 817 ctionem
340 754 467 815 aliarum
488 753 619 814 fidelium
639 752 700 812 sive
723 771 794 812 con·
832 752 943 813 delium
962 762 1062 814 tamen
1087 753 1185 830 lugam
1212 757 1430 835 persecutionis

204 840 404 913 firmationem,
429 837 473 898 rel
506 836 542 898 ad
571 835 791 916 reprimendam
833 836 1026 898 declinandae
1043 855 1143 913 causa,
1161 857 1220 900 non
1240 839 1337 901 solum
1354 840 1430 902 nulli

207 922 356 984 infidelium
371 920 596 982 insultationem
611 920 672 1000 (l).
834 939 965 999 unquam
977 919 1100 1000 culpae
1094 886 1288 1000 tribuerunt,
1312 923 1364 984 sed
1383 933 1431 985 et·

832 1002 891 1063 iarn
915 1022 975 1064 non
994 1005 1086 1064 semel
1121 1004 1302 1086 probarunt,
1340 1017 1431 1090 atque

371 1089 547 1134 PR0P⁰SW¹0
567 1089 605 1132 W·
833 1087 968 1168 exemplo
990 1105 1045 1148 suo
1064 1089 1322 1152 commendarunt.
1357 1093 1431 1154 Pri-

205 1179 262 1232 luat
282 1179 419 1228 carsiniano
439 1184 471 1227 aa
487 1181 656 1228 declinandam
678 1191 792 1239 paeana·
832 1188 898 1232 mres
912 1180 956 1233 est
971 1173 1111 1234 victoriae
1129 1173 1245 1249 titulus,
1272 1173 1377 1236 scribit
1403 1194 1429 1236 s,

233 1253 321 1296 rtannnnn.
335 1251 384 1295 imo
405 1252 428 1296 ει
446 1249 577 1309 aliqnando
596 1247 721 1306 tencteri
707 1247 793 1307 {upana
832 1252 1010 1333 epp-janus
1031 1255 1189 1334 §emiliam
1218 1259 1358 1320 manibus
1376 1277 1431 1337 ap

232 1330 307 1377 “mi
309 1330 343 1360 '⁶
828 1273 1010 1416 piederrsnni
1033 1340 1192 1403 Dominum
1210 1343 1357 1420 confiteri.
1381 1344 1434 1405 Se-

240 1420 308 1486 lul
338 1421 488 1483 Statuitur
518 1420 594 1482 haec
628 1420 792 1502 propositio
832 1423 997 1484 carrdnsad
1009 1423 1261 1504 ptarinmpradus
1283 1434 1327 1488 εει
1343 1436 1433 1489 εεειε

205 1508 334 1570 dvorsus
352 1505 571 1567 Tertullianum
592 1503 717 1584 eiusque
738 1506 794 1566 hac
832 1509 990 1568 secessione
1007 1508 1191 1570 setitractnm
1222 1509 1349 1571 Domino
1380 1527 1432 1571 re·

206 1593 231 1651 in
246 1590 409 1672 perniciose
444 1588 578 1650 doctrina
603 1597 790 1666 sectatores,
832 1591 960 1651 seruari.
980 1591 1037 1653 ltta
1051 1591 1191 1671 publica,
1220 1593 1290 1654 daea
1312 1593 1433 1672 priuata

206 1676 290 1769 quiin
306 1675 434 1736 alteram
447 1681 609 1734 extremam
625 1681 739 1752 partem
753 1673 795 1733 la·
834 1675 978 1768 consessio
1000 1683 1052 1737 εει
1087 1675 1141 1737 ltte
1167 1675 1295 1738 iadicem
1323 1678 1435 1739 saeculi

208 1759 330 1838 pssunt
387 1798 391 1803 -
833 1757 947 1832 ainau,
971 1759 1018 1830 laic
1035 1767 1187 1821 contentus
1204 1749 1332 1822 daasna
1348 1762 1433 1823 iudi

241 1843 307 1903 115.
326 1840 492 1922 Perspicua
519 1847 590 1901 sunt
618 1839 676 1900 lrac
705 1839 743 1900 de
761 1857 794 1901 re
834 1856 864 1902 oe
881 1841 1091 1904 conscientiam
1106 1859 1217 1920 puram
1239 1845 1336 1906 cordis
1353 1845 1433 1906 iate-

206 1925 299 1986 ilrristi
318 1925 411 1987 verba
432 1923 535 1984 llatth.
556 1943 584 2001 s,
618 1923 680 1984 23:
717 1925 795 1986 Crem
833 1925 1092 2002 pritatecnstodit.
1103 1927 1435 2006 liliosortitudoprom·

207 2019 290 2071 antem
303 2015 521 2089 persequentur
544 2024 594 2069 uos
619 2008 653 2068 iu
679 2008 795 2069 civitate
831 2009 929 2086 prior,
957 2009 1004 2070 iic
1021 2010 1188 2072 sollicitudo
1209 2011 1352 2072 securior.
1380 2013 1435 2073 lile

208 2096 264 2168 ista,
284 2094 379 2172 sapite
397 2093 433 2153 ire
447 2091 554 2161 alr‘ant‚·
564 2108 642 2170 quae
658 2091 794 2170 quamvis
834 2091 1089 2170 appropinquante
1103 2095 1177 2154 doro
1191 2109 1247 2155 sna
1261 2093 1322 2155 iane
1336 2103 1435 2156 matra-

210 2176 521 2256 lpostolisdicta,cum
536 2175 795 2250 tamengeneralia
834 2191 888 2236 rus
905 2176 1042 2237 intuentur
1059 2185 1109 2250 εει,
1127 2177 1174 2239 ltie
1187 2179 1310 2256 sortasse
1322 2178 1434 2239 dilatus

209 2260 268 2337 sint,
290 2261 436 2340 nullaque
451 2257 625 2340 exceptione
653 2258 715 2319 sive
739 2275 793 2318 ex·
834 2267 886 2334 est,
906 2261 968 2338 qui,
999 2259 1183 2338 patrimonio
1211 2261 1364 2338 derelicto,
1383 2262 1434 2323 id-

211 2362 300 2421 pressa
314 2344 376 2406 sire
395 2342 488 2403 tacita
501 2341 648 2418 limitata,
668 2360 729 2403 nen
757 2341 795 2403 ad
834 2343 911 2403 circo
930 2345 1056 2418 secessit,
1075 2345 1145 2422 poia
1162 2361 1221 2404 aon
1255 2351 1321 2406 erut
1341 2363 1434 2424 nepa-

209 2427 498 2508 solosdpostolos,ut
511 2424 713 2487 Tertullianus
724 2442 795 2486 con·
835 2434 932 2487 turus.
954 2429 1154 2506 confiteretur
1172 2429 1284 2506 utipne,
1314 2430 1342 2490 si
1359 2431 1437 2510 puis-

213 2511 298 2588 tendit,
306 2511 357 2572 sed
364 2511 403 2572 ad
413 2528 519 2570 omnes
531 2508 711 2570 christianos
726 2518 796 2570 sunt
833 2519 875 2571 εει
894 2519 922 2570 ει
937 2511 997 2590 ipse
1012 2514 1145 2574 detentus
1162 2511 1222 2591 (1).

212 2595 358 2673 reserenda,
379 2613 419 2655 eo
434 2593 480 2652 rel
499 2593 593 2669 magis
611 2593 692 2673 quod
714 2592 797 2655 Chri·
877 2594 951 2654 111.
975 2593 1052 2656 ldern
1074 2605 1227 2675 praeterea
1246 2614 1270 2655 s.
1289 2595 1377 2657 Pater
1407 2616 1437 2657 e-

211 2687 263 2738 stus
279 2678 339 2758 ipse
357 2678 459 2740 adhuc
483 2694 573 2758 puer,
594 2677 707 2754 Angelo
733 2676 795 2738 Da·
835 2675 943 2756 pistola
959 2695 1015 2752 nu,
1035 2679 1066 2754 l,
1080 2678 1229 2754 ductibus,
1248 2680 1299 2758 qui
1317 2680 1354 2740 ob
1370 2698 1438 2760 per-

213 2761 272 2822 nini
289 2770 443 2837 monente,
464 2779 481 2820 a
498 2760 672 2841 parentibus
686 2761 717 2821 in
735 2761 795 2822 lle-
835 2761 1020 2822 secutionem
1037 2763 1136 2838 lugam
1152 2762 1359 2841 arripuissent,
1377 2781 1436 2823 non

212 2854 312 2923 gpptum
331 2844 450 2908 seduci
468 2853 649 2924 passusest,
668 2852 707 2920 et,
734 2844 793 2905 iam
835 2842 1003 2904 delaturam
1034 2845 1166 2926 martyrii
1185 2863 1324 2906 coronam
1345 2847 1437 2926 polli-

212 2930 333 2998 grandior
349 2931 462 3005 lactus,
480 2927 561 2988 laan.
581 2947 641 3005 un,
657 2929 708 3001 59,
726 2947 793 2988 curn
835 2927 960 2987 sebatur
978 2928 1023 2988 his
1038 2929 1137 2990 verbis
1153 2947 1172 3006 τ,
1185 2929 1271 2991 Solrts
1287 2947 1347 2990 aaa
1367 2938 1409 2990 est
1425 2977 1435 3004 ‚

215 3012 333 3100 nulissent
349 3012 467 3094 lapides
483 3011 596 3088 iudaei,
617 3019 651 3072 ut
664 3011 795 3072 iacerent
835 3011 884 3071 cui
906 3013 1045 3074 Cleristns
1062 3014 1096 3072 in
1114 3015 1189 3094 sapa
1203 3029 1295 3073 earnes
1312 3022 1364 3074 εει.
1383 3013 1439 3076 Sa-

214 3093 237 3151 in
252 3097 414 3178 cumipse
432 3096 586 3157 edscmrdit
602 3113 645 3171 εε,
664 3105 690 3156 ει
704 3096 795 3157 eminet
835 3095 1099 3174 disserereque
1124 3097 1263 3174 ternplum
1293 3097 1348 3158 Dei
1376 3113 1439 3158 ser-

213 3178 359 3260 animata.
373 3179 706 3274 ldernsecitllpastolus
721 3179 796 3240 Pau·
834 3195 919 3253 raus,
934 3181 1109 3259 indicansque
1119 3181 1223 3259 snserit,
1233 3181 1365 3242 sinellco
1378 3199 1438 3242 reon

215 3260 251 3321 lus
274 3263 402 3360 llagistri
431 3263 477 3324 sui
505 3259 630 3339 vestigii
660 3271 792 3339 secutus,
834 3270 888 3324 εει.
904 3264 944 3325 lit
960 3265 987 3325 si
1004 3264 1197 3344 (eapientem
1186 3281 1219 3325 en
1231 3265 1388 3326 solitudine
1404 3283 1440 3326 oa

214 3349 332 3419 utramuis
348 3346 484 3426 martyrii
503 3345 652 3406 desiderio
674 3355 796 3426 superet
835 3347 985 3409 montibus
1004 3348 1080 3409 lutra
1099 3351 1288 3428 oppresserit,
1309 3349 1438 3428 serain-

215 3427 357 3493 dissoluat
375 3450 444 3493 esse
459 3449 527 3491 enm
546 3429 674 3490 Christo.
696 3428 794 3491 Sice'-
835 3429 957 3508 eraserit,
978 3432 1072 3509 sames
1092 3440 1145 3494 aut
1163 3433 1229 3494 sitis
1254 3439 1309 3494 εει
1338 3433 1413 3513 [rap
1415 3451 1440 3494 ιε

215 3510 313 3576 nimde
333 3522 512 3577 setestatus
534 3513 572 3574 ll
596 3512 792 3590 Conlatum,
835 3514 992 3610 afflieerit,
1011 3516 1055 3577 ael
1078 3533 1135 3595 per
1156 3515 1254 3577 maria
1279 3517 1441 3594 praecipiti

215 3594 257 3672 31,
276 3600 324 3660 33:
343 3599 483 3663 Damasci
499 3599 686 3677 praepositus
696 3600 795 3692 peritis
835 3598 1026 3676 naoipatr'arte
1045 3607 1254 3678 properantem
1286 3605 1439 3676 tempestas

216 3642 309 3744 aritae
324 3685 406 3764 repis
432 3682 612 3744 erutadiedat
644 3682 795 3744 ciuitatem
836 3698 872 3741 aa
884 3683 1016 3759 procella
1031 3682 1232 3754 submerserit,
1247 3689 1358 3760 spectat
1377 3682 1438 3742 rni-

214 3762 449 3830 ltanrasrenornnr
470 3773 503 3828 ut
530 3783 575 3826 me
607 3767 797 3844 comprehen-
836 3764 918 3826 litera
937 3782 1025 3828 suum
1039 3765 1177 3829 Christus
1190 3765 1364 3843 ubicumque
1374 3783 1438 3844 pu-

214 3848 298 3909 deret:
315 3861 341 3913 et
357 3868 412 3930 per
432 3852 596 3929 sertestrom
635 3849 669 3910 ia
694 3858 795 3927 sporta
835 3856 988 3927 parntem,
1009 3856 1035 3910 ει
1049 3849 1267 3929 persecutionis
1281 3865 1369 3910 rausa
1379 3866 1439 3928 pro

215 3932 337 3996 dimissas
352 3952 421 3996 sura
438 3951 491 4012 per
509 3949 642 4007 murum,
661 3941 688 3993 et
701 3934 797 4013 sices·
836 3932 967 3994 nominis
981 3932 1030 3993 sai
1050 3935 1160 3996 donare
1177 3932 1318 3994 morienti
1344 3949 1438 4012 pree-

215 4013 270 4092 tirpn'
284 4035 391 4080 manas
409 4019 486 4079 eius.
835 4016 931 4077 urium
947 4016 1063 4092 reddit,
1084 4016 1161 4094 prtod
1189 4017 1334 4078 daturum
1351 4033 1381 4079 se
1404 4015 1439 4079 in

248 4099 314 4161 118.
336 4101 472 4163 Ecclesia
487 4117 570 4175 nero,
590 4097 796 4178 ecclesiaeque
836 4101 1054 4162 resurrectione
1070 4100 1207 4179 promisit
1222 4099 1283 4179 (3).

216 4185 388 4254 pstreslicet
420 4184 457 4246 de
496 4182 648 4277 religionis
681 4182 796 4243 honore
878 4182 952 4244 118.
973 4183 1104 4263 idipsum
1126 4191 1154 4244 et
1176 4183 1261 4244 lactis
1294 4191 1324 4245 et
1352 4182 1439 4245 dictis

216 4266 322 4328 solliciti
355 4267 531 4330 delectionis
558 4267 673 4328 crimen
707 4266 797 4327 rehe·
837 4266 938 4362 plures
957 4267 1008 4328 alii
1028 4265 1129 4328 Patres
1146 4267 1371 4328 confirmarunt.
1382 4267 1438 4328 Et-

216 4351 536 4440 nienteringemuerint,
547 4350 797 4446 severisquepoe·
837 4350 915 4411 enim
940 4358 1059 4432 practer
1091 4369 1117 4412 s.
1148 4351 1345 4411 Athanasium
1356 4350 1437 4430 ,qui

217 4428 614 4498 nissuhiecerinteosetiam
619 4433 795 4513 ,quiillius
837 4434 1010 4510 eleganter
1003 4451 1033 4495 m
1052 4435 1188 4514 apologia
1202 4452 1260 4529 pro
1284 4435 1352 4510 luga
1382 4451 1438 4494 sua
1495 4505 1496 4508 Ἴ

217 4514 253 4572 tel
272 4518 331 4579 sola
348 4519 447 4602 specie
465 4537 497 4580 se
515 4517 687 4600 polluerint,
701 4525 734 4578 ut
747 4516 796 4578 Li·
837 4517 977 4580 adversus
997 4517 1137 4592 Arianos,
1158 4518 1210 4598 qui
1229 4517 1293 4578 eius
1313 4517 1369 4578 hac
1401 4515 1438 4577 de

245 4632 325 4695 ilill,
342 4641 396 4704 2,q
399 4641 446 4696 .5‚
457 4643 507 4684 art.
526 4632 626 4684 sade.
870 4632 967 4699 (5)dd
985 4631 1184 4694 Thibaritauos,
1210 4631 1245 4682 Da
1269 4633 1440 4683 cetrartolione

241 4699 340 4765 (2)tib.
355 4653 486 4766 delapsis,
497 4700 539 4751 ed.
554 4701 635 4752 Maur.
644 4717 723 4769 ,pap
736 4704 795 4752 181.
836 4705 961 4763 martyrii,
978 4699 1020 4751 ed.
1033 4699 1115 4751 lllaur.
1131 4716 1190 4767 pag.
1204 4703 1247 4751 98.
