3700 5659
787 539 881 584 curor
898 538 929 581 x.
1387 523 1447 586 143

243 651 337 734 geodi
353 643 568 727 guberniorum
584 637 700 700 ratione
719 632 848 694 6611161(-
933 629 1005 690 581.
1027 628 1185 692 Praeterea
1208 628 1336 713 idipsum
1361 636 1492 698 ostendit

244 741 318 802 dum
339 735 391 811 sit,
410 726 545 793 Ecclesia
563 726 610 784 ius
625 721 716 782 babet
727 713 848 782 arcendi
889 713 988 775 divina
1004 714 1118 790 missio,
1145 733 1223 794 quae
1250 716 1401 780 Ecclesiae
1422 719 1492 782 data

243 821 353 884 fideles
372 833 443 878 suos
474 832 491 873 a
512 806 664 870 venenatis
694 801 827 864 lontibus
836 846 847 876 ,
868 816 869 821 ¹
889 807 935 860 est
949 797 985 859 de
1000 797 1195 860 custodiendo
1208 799 1277 862 ddei
1290 799 1444 882 deposito,
1463 812 1494 865 61

245 905 431 982 eosdemque
445 897 542 960 fontes
561 890 673 953 eisdem
691 885 796 962 digito,
816 891 850 942 ut
889 882 927 943 ad
945 884 1061 944 coelum
1082 881 1272 962 perducendo
1303 894 1385 947 recto
1404 886 1495 948 itine-

245 990 290 1052 ita
308 987 430 1059 dicam,
451 971 697 1047 demonstrandi,
729 977 762 1029 ut
791 965 849 1028 sibi
869 1000 871 1005 ·
890 983 922 1026 16
942 964 1045 1027 fideles
1063 985 1139 1046 quos
1159 965 1215 1046 ipsi
1236 957 1490 1032 Detrscommisit

246 1077 393 1145 caveant,
412 1084 451 1126 ne
469 1069 596 1124 mortem
612 1055 730 1118 animae
745 1053 849 1112 incur·
894 1051 1030 1112 Ducentos
1047 1068 1106 1126 eos,
1126 1049 1198 1112 dixit
1214 1050 1348 1114 Christus
1368 1054 1495 1133 Aposto-

244 1151 436 1231 rant.-quue
454 1146 540 1208 sacile
559 1139 715 1213 evincitur,
736 1142 852 1216 specla-
891 1133 929 1193 lis
946 1133 1008 1194 suis
1034 1133 1070 1194 de
1090 1133 1143 1208 iis,
1163 1152 1239 1214 quos
1266 1136 1493 1216 baptizaverint,

246 1248 279 1301 ta
298 1247 409 1300 natura
425 1231 482 1307 rei,
498 1228 533 1290 de
554 1245 614 1306 qua
634 1222 750 1298 agitur,
778 1219 850 1279 item
890 1234 1009 1278 seroore
1042 1217 1142 1304 omnia
1179 1236 1375 1298 quoecumque
1403 1238 1493 1282 mort-

247 1322 397 1384 missione
411 1315 469 1377 sibi
485 1311 627 1374 divinitus
647 1306 773 1379 collata,
794 1320 851 1361 usu
892 1301 962 1362 doni
988 1301 1068 1364 vobis
1091 1301 1151 1382 (l),
1184 1309 1213 1364 et
1241 1301 1279 1366 ad
1303 1301 1422 1364 Petrum
1450 1305 1494 1366 A.

247 1412 464 1487 perpetuonec
482 1415 543 1457 non
562 1388 768 1454 sanctionibus
782 1403 851 1461 gra·
893 1385 1077 1463 postolorum
1099 1383 1285 1466 principem:
1306 1389 1420 1464 Posce,
1444 1387 1495 1448 in-

246 1487 383 1550 vissimis
412 1480 608 1544 consciliorum
644 1471 852 1534 oecumenico·
893 1468 970 1546 quit,
986 1465 1492 1550 opnosneos'pusoeooesneos(t).

247 1592 320 1635 rum
360 1578 616 1640 romanorumque
660 1554 850 1616 Pontificum.
893 1551 968 1612 ilino
1005 1552 1164 1630 Apostolus
1201 1551 1311 1614 Paulus
1348 1553 1498 1634 episcopis

249 1655 351 1727 Quare
379 1651 589 1730 insequentem
617 1638 852 1724 propositionem
893 1633 984 1696 simul
1021 1634 1113 1696 ldileti
1153 1637 1338 1714 congregatis
1377 1637 1496 1701 aicbat:

250 1736 448 1802 adstruimus.
894 1720 959 1798 Epo
979 1719 1061 1792 scio,
1082 1722 1224 1798 qnoniam
1255 1721 1422 1796 t'ntrobnnt⁴
1429 1731 1498 1800 post

894 1804 1097 1865 discessionem
1116 1821 1211 1866 tnoom
1235 1805 1299 1884 lupi
1326 1822 1447 1884 rapaces
1464 1807 1499 1868 in

467 1893 642 1942 PR0P051T1⁰
894 1905 966 1963 vos,
999 1905 1060 1948 non
1083 1897 1238 1966 parcentes
1266 1889 1428 1968 91691111
1459 1907 1500 1952 ooo

249 1997 350 2048 iurene
367 1996 453 2043 merito
472 1989 579 2040 Ecclesia
597 1988 717 2035 (1111161161
733 1981 854 2030 librorum
894 1973 973 2034 vobis
1001 1971 1073 2048 ipsis
1102 1979 1251 2050 epprpem
1272 1971 1332 2032 piri
1345 2016 1353 2045 ,
1375 1972 1496 2051 ippum.

285 2066 409 2113 interdicti
421 2062 544 2137 lectionem
563 2054 673 2116 fidelibus
691 2056 751 2109 snio,
768 2061 855 2109 eosque
896 2063 938 2118 233
964 2072 1123 2132 perversa,
1156 2063 1189 2115 up
1222 2055 1373 2117 abducam
1404 2057 1497 2118 disci-

286 2135 319 2180 ob
336 2132 516 2187 altaecumbae
533 2124 685 2184 (1111666111.
892 2139 979 2216 pulos
992 2147 1058 2220 post
1084 2155 1126 2198 se.
1157 2141 1287 2216 Propter
1313 2140 1390 2215 quod
1418 2140 1498 2218 vim,-

295 2242 370 2303 580.
392 2239 432 2299 dc
451 2236 547 2316 primo
565 2233 603 2294 ab
628 2227 764 2292 Ecclesia
789 2226 857 2286 iure
896 2223 953 2284 tute
980 2221 1048 2302 (3);
1084 2221 1174 2282 etad
1200 2220 1389 2282 Timotheum
1419 2223 1498 2284 scri-

253 2346 289 2389 ac
301 2325 409 2386 merito
426 2321 572 2381 librorum
588 2311 856 2377 malorumlectio-
896 2305 982 2366 bens:
1009 2307 1033 2368 0
1059 2307 1221 2380 Timotheo,
1242 2305 1359 2384 inquit,
1389 2307 1501 2384 deposi-

253 2430 323 2472 nem
342 2403 493 2480 interdici,
515 2403 624 2462 clamat
641 2399 717 2478 ipsa,
737 2395 774 2456 de
796 2413 857 2474 qua
897 2399 960 2452 tunt
979 2390 1091 2452 custodi
1108 2389 1167 2468 (d).
1184 2389 1223 2450 Ex
1243 2389 1353 2468 quibus
1369 2389 1501 2469 aliisque

253 2494 365 2571 agitur,
384 2490 429 2552 rei
448 2497 566 2548 natura.
599 2481 673 2544 Nam
693 2481 791 2555 agitur
820 2477 857 2537 de
897 2493 973 2554 pene
991 2473 1169 2550 innumeris,
1191 2491 1269 2554 quae
1298 2471 1405 2534 adduci
1428 2492 1501 2553 pos-

253 2578 377 2654 uegotio
395 2571 530 2635 omnium
549 2568 690 2640 maximo,
717 2562 857 2624 (1611116-
897 2566 976 2635 sent,
997 2557 1177 2618 testimoniis
1209 2555 1339 2616 dilucide
1363 2556 1499 2636 patescit,

254 2657 499 2723 meratascilicet
512 2653 569 2714 11116
581 2647 737 2722 servanda,
752 2665 785 2706 611
798 2664 858 2724 qua
899 2661 1018 2702 omnem
1049 2641 1200 2702 Ecclesiae
1237 2631 1449 2717 cogitationem
1472 2651 1503 2702 et

255 2745 367 2826 pendet
381 2742 548 2804 animarum
561 2744 684 2796 aeterna
697 2732 789 2806 salus,
807 2736 859 2789 aot
899 2744 1001 2786 curam
1018 2725 1048 2784 in
1064 2743 1100 2784 eo
1126 2723 1214 2786 sitam
1234 2742 1300 2786 esse
1326 2723 1448 2799 debere,
1467 2734 1502 2784 ut

256 2829 461 2908 sempiternus
470 2815 784 2895 interitus.Siquidem
798 2832 860 2872 rna·
899 2827 1090 2887 quacumque
1109 2807 1226 2866 ratione
1247 2815 1368 2886 potest,
1392 2807 1503 2869 Christi

255 2914 278 2973 li
295 2913 437 2974 dicuntur
455 2906 525 2966 libri
544 2904 600 2979 iili,
621 2900 673 2980 qui
688 2915 805 2960 errores
823 2914 858 2957 6-
900 2891 1064 2952 doctrinam
1098 2889 1244 2966 integram
1281 2897 1388 2950 servet.
1425 2889 1503 2964 Ergo

255 2996 376 3058 xitiales
394 2991 548 3053 continent
566 2996 616 3048 aut
638 2992 742 3044 contra
756 2980 857 3056 fidem,
900 2975 971 3036 dare
996 2992 1116 3054 operam
1137 2973 1251 3048 debet,
1281 2991 1319 3032 ne
1339 2973 1502 3051 perniciosi

255 3089 310 3142 aut
327 3088 433 3139 contra
451 3092 550 3134 mores
566 3080 618 3130 aut
635 3075 739 3128 contra
765 3064 860 3138 legiti·
901 3057 970 3120 libri
978 3057 1110 3118 fidelium
1122 3057 1261 3118 manibus
1270 3055 1500 3118 terantur.Nam

256 3184 323 3226 mas
336 3159 542 3223 auctoritates.
564 3153 594 3214 Si
610 3159 767 3233 propterea
783 3149 862 3208 eius·
901 3142 1045 3218 si,aiente
1060 3141 1214 3220 Apostolo,
1234 3148 1431 3219 corrumpunt
1444 3157 1505 3202 mo-

257 3248 339 3310 modi
372 3245 443 3306 libri
465 3242 561 3318 'vulgo
589 3256 624 3298 ac
652 3236 774 3314 impune
804 3231 861 3307 legi
901 3245 949 3290 res
969 3228 1057 3287 bonos
1071 3225 1216 3304 colloquio
1231 3225 1310 3286 molo
1327 3224 1388 3304 (5),
1406 3242 1504 3304 quan-

258 3331 517 3411 permitterentur,
547 3321 634 3384 facile
653 3317 758 3379 iisdem
780 3334 868 3385 erro-¹
903 3321 933 3372 to
953 3310 1047 3386 magis
1066 3309 1191 3389 scripta,
1212 3327 1289 3388 quae
1313 3316 1501 3388 permanent,

257 3416 344 3476 rubus
360 3412 453 3474 animi
471 3409 690 3477 imbuerentur,
704 3409 802 3461 actum
816 3418 863 3459 es·
903 3397 991 3456 fidem
1014 3412 1173 3471 moresque
1193 3409 1385 3471 corrumpere
1404 3391 1506 3452 dicen-

258 3509 305 3560 set
324 3499 362 3558 de
382 3495 512 3576 puritate
528 3489 598 3550 ndei
617 3506 652 3548 ac
671 3502 807 3559 morum,
833 3483 861 3541 i·
904 3479 941 3539 da
959 3487 1040 3554 sunt,
1061 3476 1118 3536 nisi
1137 3484 1377 3554 compescantur,
1399 3475 1505 3554 prohi-

259 3601 310 3643 mo
325 3581 400 3642 etde
412 3577 533 3660 publica
550 3572 723 3634 securitate.
742 3568 778 3628 Et
790 3585 862 3627 sane
905 3563 1031 3622 beantur
1049 3569 1317 3636 removeanturque
1335 3576 1351 3618 e
1371 3555 1503 3618 fidelium

259 3665 285 3726 si
305 3663 386 3726 omni
409 3661 525 3728 ratione
550 3655 713 3718 cavendum
740 3660 803 3727 est,
826 3668 863 3709 ne
904 3643 1067 3705 manibus‘.l
1081 3641 1281 3711 Quamobrem
1297 3647 1394 3721 potest
1408 3639 1507 3700 acde-

261 3768 388 3830 corpora
407 3743 580 3820 contagiosa
609 3741 659 3800 lue
691 3735 861 3808 foedentur,
906 3729 956 3794 bet
975 3727 1108 3788 Ecclesia
1126 3725 1311 3785 damnarent
1331 3723 1503 3804 prohibere,

261 3853 322 3913 qua
342 3832 380 3892 ad
399 3841 514 3891 certum
535 3824 688 3884 interitum
715 3820 795 3879 cives
813 3817 865 3877 ad·
904 3813 932 3872 vi
950 3811 1082 3872 muneris
1099 3808 1157 3869 sibi
1176 3807 1329 3868 commissi
1352 3826 1369 3866 a
1388 3805 1505 3867 Christo

262 3918 455 3989 ducerentur,
467 3911 560 3972 multo
574 3907 668 3982 magis
678 3904 780 3965 eadem
794 3920 865 3962 cau·
905 3897 1032 3957 Domino
1053 3897 1088 3954 de
1106 3893 1283 3952 intemerata
1302 3889 1436 3950 doctrina
1454 3907 1507 3950 cu·

262 4002 321 4062 tela
342 4019 417 4081 opus
436 4005 496 4071 est,
521 4011 559 4054 ne
579 3990 671 4052 animi
691 3987 788 4068 prauis
808 3984 864 4044 do·
906 3979 1062 4041 stodieuda
1087 3974 1241 4055 usquead
1265 3973 1378 4038 saeculi
1402 3973 1504 4051 tinem,

263 4084 371 4146 ctriuis
389 4081 574 4152 imbuantur,
597 4092 675 4154 quae
702 4071 739 4132 ad
765 4077 864 4129 extre·
906 4066 1012 4140 libros,
1034 4061 1084 4141 qui
1104 4079 1168 4122 eam
1187 4077 1309 4138 quoquo
1337 4056 1425 4120 modo
1442 4075 1509 4118 cor-

262 4187 342 4229 mam
364 4167 445 4248 ipsos
472 4160 633 4243 perniciem
663 4155 863 4233 impellerent.
905 4144 1250 4226 rumpuntsoedantque.

262 4253 359 4331 Atque
378 4251 435 4312 bac
462 4247 579 4307 ratione
603 4242 648 4302 161
669 4241 733 4318 ipsa
752 4235 865 4313 guber·
949 4226 1305 4292 sestertiotootesiam
1319 4225 1511 4306 quovistem-

262 4336 313 4397 nia
335 4354 368 4395 se
384 4339 502 4411 gerunt,
523 4329 592 4389 dum
614 4324 711 4400 agitu'r
737 4321 773 4380 de
807 4337 864 4378 non
907 4333 978 4396 pore
999 4331 1080 4374 usam
1098 4330 1164 4372 esse
1184 4311 1239 4370 bac
1255 4317 1413 4390 potestate,
1427 4325 1510 4368 com-

263 4417 472 4479 labeiactanda
491 4410 670 4494 perniciosis
685 4404 804 4485 scriptis
818 4407 864 4464 ci·
907 4409 1024 4477 portum
1048 4405 1093 4458 est
1111 4393 1299 4456 documentis
1324 4390 1444 4452 biblicis
1478 4397 1510 4451 et

263 4503 313 4563 uili
333 4501 488 4562 societate.
941 4536 978 4600 (5)
999 4520 1051 4580 toi.
1066 4529 1123 4588 xx,
1137 4531 1249 4580 so-st.

311 4620 336 4683 t)
349 4616 440 4667 blattlr.
454 4611 575 4676 xxviij,
585 4615 628 4661 20.
941 4599 978 4665 (t)
996 4601 1014 4649 1.
1028 4597 1094 4646 Tun
1110 4595 1154 4657 vt,
1168 4599 1210 4644 111.

310 4691 336 4744 2)
349 4687 387 4735 lo.
401 4681 473 4746 XXl,
488 4687 530 4744 to,
543 4693 614 4745 seqq.
942 4670 980 4733 (5)
993 4668 1012 4715 l.
1028 4666 1087 4716 Cor.
1101 4659 1158 4725 XV,
1172 4665 1215 4712 53.
