3700 5659
407 512 447 576 58
930 523 968 567 uc
986 522 1054 567 utun

408 623 482 685 ata.
498 618 594 699 Igitur
615 637 668 700 per
690 616 794 678 eadem
814 614 970 678 credibili·
1012 615 1126 695 stituta,
1149 635 1202 698 per
1225 616 1344 680 easdem
1367 619 1512 682 ecclesiae
1529 620 1611 684 insti-

367 708 436 771 tutis
455 706 576 781 motiva,
597 703 708 785 quibus
730 700 885 762 christiani
905 698 971 782 pri·
1013 701 1088 762 tutio
1118 700 1216 762 divina
1244 711 1273 763 et
1292 704 1456 764 auctoritas
1483 705 1610 781 legitimo

368 793 458 854 vuitus
477 809 512 853 ac
537 788 677 868 deinceps
697 785 795 847 allecti
814 793 895 862 suut,
917 802 973 866 per
1012 793 1041 846 ct
1053 784 1117 847 sine
1131 785 1242 847 circulo
1256 787 1460 849 constituitur.
1472 785 1536 849 Hac
1551 808 1610 870 por-

367 876 471 939 eadem
500 872 571 935 laeti
599 879 670 933 sunt
687 869 853 931 catholicae
872 869 970 930 eccle·
1012 885 1045 930 ro
1077 869 1254 950 probatione
1280 871 1402 953 posita,
1434 871 1563 932 ecclesia
1580 874 1611 935 de

368 961 432 1022 siae
443 957 510 1036 lilii,
524 962 672 1038 quotquot
686 952 889 1015 crediderunt.
903 951 973 1014 Cre·
1013 971 1139 1031 canone,
1160 953 1196 1014 de
1215 953 1412 1034 inspiratione
1434 955 1611 1034 universali,

368 1044 507 1105 diderunt
537 1049 636 1102 autem
657 1055 762 1100 omnes
781 1055 834 1118 per
861 1054 973 1118 propo·
1014 1037 1050 1098 de
1066 1055 1156 1098 sensu
1171 1035 1343 1119 Scripturae
1361 1057 1417 1100 nos
1436 1047 1538 1102 certos
1556 1041 1614 1102 red·

368 1128 510 1189 sitiouem
527 1124 674 1187 ecclesiae
693 1121 795 1183 omnia
818 1120 888 1181 fidei
906 1138 973 1200 my·
1015 1119 1065 1182 det
1083 1120 1172 1182 etiam
1194 1119 1260 1182 siue
1283 1121 1408 1184 circulo.

369 1211 478 1288 steria,
495 1215 584 1290 prout
598 1216 628 1270 et
642 1225 699 1269 nos
711 1224 790 1266 nunc
808 1203 971 1281 oredimus,
1056 1203 1130 1266 222.
1157 1203 1201 1265 Ad
1219 1205 1251 1266 1.
1272 1207 1310 1268 D.
1342 1204 1372 1268 Si
1390 1203 1461 1269 huic
1487 1207 1615 1288 privatae

368 1315 402 1356 ac
437 1293 564 1355 redituri
583 1300 653 1353 sunt
682 1291 887 1372 inposterum
910 1287 974 1348 veri
1014 1307 1049 1350 ac
1073 1287 1255 1351 scientificae
1277 1287 1500 1372 Scripturarum
1527 1291 1615 1352 inter-

368 1379 472 1440 fideles
484 1393 588 1438 omues
597 1372 770 1436 omnimoda
781 1371 971 1433 certitudine.
1014 1372 1174 1454 pretationi
1191 1372 1370 1436 inniteretur
1388 1374 1563 1453 certitudo,
1585 1375 1615 1437 de

409 1461 485 1523 220.
506 1460 552 1521 dd
570 1460 601 1521 3.
625 1460 699 1539 Nep.
725 1455 798 1518 llam
826 1475 860 1516 er
887 1455 975 1516 dictis
1016 1475 1075 1536 qua
1093 1456 1230 1533 agimus,
1252 1458 1302 1534 C.;
1323 1457 1348 1519 si
1367 1458 1545 1520 testimonio
1566 1479 1616 1521 au-

369 1565 424 1607 nos
460 1543 585 1604 minime
620 1541 784 1624 probamus
817 1538 975 1601 ecclesiam
1016 1540 1147 1602 theutica
1163 1541 1319 1620 ecclesiae,
1340 1544 1379 1607 N.
1396 1542 1486 1603 Aliud
1506 1551 1554 1604 est
1573 1544 1616 1604 lo-

370 1649 424 1711 pcr
441 1628 617 1709 scripturas,
634 1625 686 1687 sed
710 1643 726 1686 e
748 1631 852 1685 contra
867 1623 976 1704 proba·
1017 1624 1069 1704 qui
1087 1623 1124 1686 de
1139 1623 1368 1703 scientia,aliud
1386 1625 1422 1686 de
1441 1627 1618 1688 certitudine

370 1733 439 1775 mus
466 1709 636 1793 Scripturas
655 1709 771 1770 divinas
800 1726 854 1789 per
875 1708 975 1768 eccle·
1017 1708 1097 1786 fidei3
1119 1716 1199 1770 recte
1218 1709 1348 1789 theologi
1365 1709 1508 1772 omuibus
1529 1711 1620 1772 scien-

370 1799 459 1873 siam,
475 1795 557 1857 iuxta
574 1794 693 1856 celebre
712 1811 738 1854 s.
758 1791 918 1869 Augustini
935 1791 977 1852 el·
1018 1791 1076 1854 tiae
1109 1792 1299 1855 adminiculis
1331 1801 1457 1855 utuntur
1486 1795 1528 1856 ad
1555 1814 1619 1856 suas

372 1881 478 1943 latum:
495 1881 561 1962 Epo
578 1897 647 1941 vero
666 1877 816 1958 euangelio
830 1893 891 1937 uon
909 1891 975 1937 crc-
1018 1876 1117 1938 theses
1135 1877 1323 1954 evincendas,
1344 1886 1373 1938 et
1391 1877 1428 1939 ad
1453 1878 1619 1940 haereticos

371 1969 492 2040 decem,
515 1965 577 2026 arisi
597 1980 644 2024 me
664 1961 824 2025 cotboticoe
844 1959 977 2023 ecclesiae
1017 1959 1246 2042 impugnandos3
1261 1969 1479 2040 verumtamen,
1495 1983 1562 2024 non
1578 1961 1618 2023 bis

371 2055 564 2112 commoveret
581 2047 743 2110 otmtoritoa
757 2045 818 2125 (l);
839 2042 976 2124 adeoque
1018 2045 1323 2107 demonstrationibus
1352 2045 1533 2123 innixi,.sed
1553 2066 1619 2128 pro·
1673 2063 1674 2072 ¹

373 2136 454 2194 bunc
470 2132 616 2194 circulum
631 2130 771 2192 vitiosum
787 2128 977 2190 restituimus
1017 2129 1166 2210 positione
1185 2129 1329 2192 ecclesiae
1348 2129 1499 2210 permoti,
1525 2130 1619 2193 credi-

375 2215 639 2298 protestantibus,
663 2213 808 2295 aquibus
826 2211 977 2290 excogita·
1019 2231 1098 2290 muS,
1118 2211 1196 2275 sicut
1214 2223 1313 2274 cetera
1334 2213 1403 2274 fidei
1423 2222 1547 2276 nostrae
1566 2234 1621 2294 mq-

374 2311 423 2361 tus
439 2309 496 2362 est:
517 2299 565 2361 ius
584 2298 749 2377 unicuique
763 2315 863 2357 suum.
877 2295 979 2356 Ecclc·
1017 2297 1119 2375 steria,
1130 2297 1173 2358 sic
1189 2297 1278 2358 etiam
1287 2299 1508 2378 praerogativas
1521 2317 1620 2360 omues

374 2385 451 2446 siam
480 2390 580 2445 autem
612 2382 775 2464 probamus
794 2399 828 2441 ex
846 2379 911 2460 ipso
931 2379 977 2439 la·
1019 2389 1048 2441 et
1067 2380 1173 2458 dotes,
1196 2381 1308 2462 quibus
1338 2381 1402 2464 ipsa
1420 2401 1438 2443 a
1465 2383 1620 2444 fundatore

374 2477 421 2528 cto
441 2486 514 2529 suae
544 2465 718 2528 existentiae
741 2470 770 2524 et
796 2481 849 2545 per
868 2462 979 2524 motiva
1018 2483 1073 2526 suo
1092 2463 1208 2528 Christo
1238 2483 1270 2528 se
1289 2475 1423 2528 ornatam
1444 2485 1510 2529 esse
1533 2476 1621 2529 testa-

375 2550 611 2628 credibilitatis,
632 2567 711 2630 quae
740 2548 837 2609 maius
863 2545 978 2608 indies
1020 2556 1080 2610 tur.

375 2636 509 2714 singulos
526 2635 619 2696 robur
640 2631 800 2713 acquirunt
828 2649 882 2713 per
899 2638 978 2691 tem·
1061 2631 1133 2694 223.
1164 2631 1205 2694 dc
1233 2641 1415 2715 propterea,
1438 2635 1520 2715 quod
1551 2653 1621 2696 con-

377 2720 458 2801 poris
476 2720 605 2801 lapsum,
626 2715 795 2780 cuiusmodi
824 2722 894 2776 sunt
911 2713 978 2776 eius
1021 2735 1151 2798 sequens
1169 2725 1226 2794 est,
1247 2717 1284 2780 ad
1303 2718 1428 2780 formale
1447 2719 1517 2781 fidei
1538 2719 1620 2781 obie-

377 2803 560 2886 propagatio,
577 2802 704 2884 eiusque
722 2800 800 2861 inter
814 2805 857 2861 tot
869 2798 979 2860 iniero·
1018 2809 1098 2862 ctum
1120 2799 1151 2862 in
1167 2809 1306 2863 concreto
1322 2803 1566 2865 constituendum
1579 2811 1621 2864 at·
1677 2812 1678 2856 t

377 2907 443 2951 rum
458 2907 494 2951 ac
512 2887 673 2969 impiorum
694 2884 851 2946 hominum
871 2882 978 2945 adver·
1019 2903 1078 2966 que
1097 2885 1319 2966 applicandum,
1340 2887 1512 2948 necessaria
1531 2886 1622 2948 omni·

376 2991 428 3034 sus
439 2992 471 3034 se
484 2979 643 3054 perpetuas
659 2968 896 3051 conspirationes
911 2983 980 3048 per·
1019 2987 1057 3030 no
1074 2977 1119 3031 est
1135 2969 1280 3031 ecclesiae
1290 2970 1467 3052 propositio,
1483 2980 1622 3053 tanquam

377 3055 506 3133 duratio,
537 3074 592 3118 nec
611 3074 670 3116 non
689 3060 850 3132 martyrum
873 3052 978 3128 ingens
1019 3052 1164 3130 conditio,
1187 3053 1251 3114 sine
1274 3073 1334 3134 qua
1352 3073 1507 3136 nunquam
1525 3073 1622 3117 veram

379 3157 523 3201 uumerus
537 3147 567 3200 et
583 3137 738 3211 tortitudo,
759 3135 877 3217 aliaque
895 3135 978 3196 eius·
1019 3136 1107 3199 fidem
1142 3137 1173 3196 in
1202 3137 1328 3216 singulis
1355 3139 1490 3201 articulis
1514 3139 1623 3202 habere

379 3223 460 3285 modi
472 3241 532 3283 non
548 3239 642 3303 pauca
657 3220 718 3300 (2),
733 3237 810 3299 quae
828 3217 981 3280 evidenter
1023 3237 1192 3302 possemus.

345 3343 352 3375 ι,
379 3327 444 3368 eam
465 3305 639 3367 credibilem
663 3303 787 3365 iaciunt.

338 3394 352 3449 ⁴1.
421 3391 494 3452 221.
517 3387 602 3460 Quod
624 3388 650 3449 si
668 3385 762 3464 magis
780 3385 910 3448 arrideat
932 3385 980 3446 di·
1214 3388 1389 3436 PR0P⁰S¹T10
1407 3391 1437 3435 V·

341 3464 347 3498 ²
379 3493 459 3551 cere,
481 3473 569 3535 nobis
587 3490 640 3555 per
663 3478 840 3550 argumenta
861 3469 982 3531 histori-
1020 3477 1145 3532 obtectum
1164 3484 1270 3546 seruate
1290 3487 1345 3545 fiacr
1363 3487 1389 3533 tn
1406 3488 1517 3534 concreto
1532 3488 1627 3548 apecu-

379 3579 426 3638 (a,
438 3558 486 3622 sin
502 3557 602 3619 minus
618 3555 763 3628 omnium,
778 3553 908 3636 plurium
924 3555 983 3616 sal.
1056 3553 1106 3600 lum
1133 3554 1190 3602 10111
1207 3556 1241 3602 eti
1260 3555 1428 3633 terlilttdt'm'p,
1451 3556 1478 3602 ut
1498 3557 1521 3604 εἰ
1537 3556 1625 3616 fuitum

381 3652 440 3705 tem
460 3661 613 3706 sacrorum
642 3640 788 3702 librorum
826 3638 981 3702 veritatem
1056 3619 1149 3668 ’Μ’
1168 3622 1237 3669 ’'¹¹¹¹‘'
1252 3625 1323 3669 ''¹⁰‘¹⁰
1339 3625 1423 3681 ΡΜ·

379 3737 528 3804 constare,
552 3745 587 3788 ac
604 3724 728 3808 proinde
747 3732 845 3785 certos
863 3741 917 3786 nos
932 3723 983 3784 sre-
1068 3725 1141 3786 22d.
1163 3725 1239 3788 lllud
1261 3738 1374 3791 certum
1391 3729 1500 3792 dicitur
1516 3781 1525 3808 ,
1543 3733 1624 3795 cuius

379 3812 405 3872 ri
424 3812 461 3874 de
478 3809 678 3887 revelatione,
698 3827 787 3890 quam
808 3807 980 3883 continent3
1023 3807 1131 3870 veritus
1146 3811 1220 3872 adeo
1241 3813 1393 3892 explorata
1411 3824 1467 3892 est,
1484 3826 1517 3876 ut
1533 3818 1561 3878 ei
1579 3817 1625 3878 de·

380 3895 485 3957 circuli
508 3893 606 3956 vitiosi
626 3893 776 3954 evanescit
793 3891 906 3972 pariter
922 3891 984 3952 dil·
1024 3893 1124 3970 negari
1158 3914 1299 3957 assensus
1326 3897 1548 3961 rationabiliter
1566 3920 1623 3962 non

381 3979 510 4039 licultas.
529 3975 750 4058 Scripturarum
768 3975 917 4056 siquidem
935 3991 984 4036 ve·
1025 3976 1129 4058 possit.
1150 3977 1303 4040 Certitudo
1333 3999 1401 4042 vero
1432 3990 1531 4064 potest
1563 4003 1625 4046 esse

380 4061 471 4124 ritate
499 4060 717 4140 veracitateque
745 4059 887 4120 historice
908 4077 984 4119 cou-
1024 4066 1076 4120 aut
1095 4059 1276 4142 intrinseca,
1298 4075 1351 4126 aut
1382 4065 1559 4130 extrinseca:
1579 4069 1626 4129 in-

381 4191 449 4242 saint
465 4188 582 4242 clement
596 4189 673 4259 Pape,
686 4189 752 4240 saint
763 4193 866 4258 lgnace,
880 4199 906 4241 ct
918 4191 986 4243 saint
1026 4193 1157 4256 ttricnne,
1175 4193 1206 4246 de
1224 4204 1290 4248 cette
1308 4195 1462 4248 democratia
1484 4197 1497 4247 d
1517 4199 1625 4250 l’aristo-

383 4259 526 4326 l'olycarpe
540 4258 603 4309 dans
615 4259 684 4310 leurs
697 4258 793 4317 lettres,
803 4256 911 4308 Hermus
921 4258 986 4310 dant
1025 4261 1104 4312 oratic
1121 4259 1277 4329 episcopale,
1295 4262 1327 4315 dc
1340 4265 1441 4316 celle-ci
1459 4266 1473 4316 d
1492 4265 1514 4317 la
1528 4284 1626 4318 monar-

383 4329 407 4378 le
425 4328 489 4378 livre
503 4325 543 4377 Du
560 4329 673 4388 Porteur,
685 4330 729 4375 etc.
743 4329 788 4375 etc.
807 4323 843 4375 tt.
856 4323 949 4377 Guiaot
959 4341 985 4376 se
1026 4327 1083 4380 cbie
1097 4331 1252 4396 pontificale.

384 4395 463 4447 serait
481 4395 528 4446 luit
545 4411 596 4445 urie
615 4394 680 4444 'uate
699 4392 754 4444 idde
772 4391 805 4442 de
823 4393 846 4443 la
862 4395 987 4445 constitu·
1060 4396 1097 4462 (t)
1111 4397 1186 4448 Cout.
1199 4401 1269 4462 epist.
1280 4397 1449 4463 Fundernentt,
1461 4417 1486 4453 c.
1499 4403 1526 4453 b.

385 4464 438 4514 tion
457 4462 587 4530 primitive
605 4411 637 4512 de
651 4461 771 4528 l’llglise,
791 4461 847 4511 etil
865 4461 985 4512 resecuit
1060 4463 1097 4532 (2)
1121 4464 1161 4516 Ci.
1181 4473 1253 4517 tract.
1278 4469 1306 4516 dc
1323 4481 1382 4516 ocra
1404 4469 1542 4532 lleltqtoue,
1560 4475 1624 4537 part.

382 4529 496 4597 dpnrgne
514 4531 537 4580 la
556 4529 622 4580 table
652 4527 761 4580 absurde
784 4536 809 4578 ct
827 4526 937 4580 ridicule
954 4527 986 4580 de
1029 4534 1052 4592 l,
1066 4547 1124 4600 rap.
1143 4537 1178 4593 3,
1197 4533 1229 4583 de
1247 4535 1380 4585 existentia
1404 4537 1568 4587 revelationis
1586 4535 1625 4584 di-

382 4606 449 4648 eette
462 4596 547 4664 ligiise
566 4605 667 4664 pussant
685 4596 716 4648 de
731 4596 800 4646 t'erav
816 4595 849 4645 de
866 4611 931 4664 pure
944 4611 986 4648 cs·
1027 4599 1116 4660 vinae,
1142 4600 1186 4650 ubi
1208 4602 1301 4652 motiva
1328 4603 1390 4654 burc
1416 4603 1566 4674 singillatim
1583 4602 1627 4653 ad-

382 4666 507 4716 sociaticu
531 4667 545 4716 d
565 4666 640 4717 t’ttut
657 4663 689 4716 do
707 4662 861 4716 ddnvocvatie
881 4664 986 4733 presby·
1025 4675 1165 4718 struximus
1183 4677 1208 4718 ct
1220 4671 1372 4722 evolvimus.
