3700 5659
769 561 862 606 carun
882 563 910 606 v.
1361 551 1421 615 ata

206 668 248 721 ut
268 658 294 720 si
314 665 453 736 ageretur
468 657 504 719 de
519 655 578 718 vita
600 656 740 718 salvanda
759 654 821 714 viro
861 672 980 734 semper
998 654 1172 734 imperetur,
1191 667 1291 720 tamen
1303 663 1465 726 valdecon·

207 743 311 804 alicui
323 743 505 823 reipublicae
519 740 688 802 necessario
702 739 825 800 autval·
862 747 1037 800 sentaueum
1059 747 1114 815 est,
1135 749 1164 802 et
1181 741 1211 802 in
1234 744 1327 808 sacris
1345 743 1474 810 Litteris

210 821 825 904 dentili‚autdemultitudinepericli-
863 820 1012 882 eiusmodi
1048 823 1154 898 agendi
1192 826 1267 887 ratio
1299 830 1463 908 plurimum

211 917 358 987 tante,et
375 909 416 970 ita
435 925 535 990 porro.
558 908 716 969 Praeterea
735 905 824 967 etiarn
863 905 1099 966 commendatur.
1128 906 1202 968 llinc
1229 909 1314 971 Prav.
1345 933 1401 990 tu,
1423 918 1463 979 26

212 1001 308 1055 extra
332 993 420 1054 tatem
442 1009 544 1054 rerum
568 990 769 1052 conditionem
789 1008 824 1050 o·
863 987 983 1049 dicitur:
1006 989 1064 1062 Qai
1084 990 1208 1071 aeplipit
1230 995 1374 1058 datianam
1390 1018 1463 1077 pro·

213 1077 286 1138 mni
305 1075 396 1137 laude
421 1075 527 1154 dignus
549 1083 699 1148 censetur,
721 1074 772 1154 qui
792 1092 826 1134 en
861 1081 930 1150 pter
948 1074 1091 1150 ornicum,
1109 1075 1204 1136 iratas
1229 1086 1284 1140 eat.
1306 1078 1378 1142 ltem
1404 1084 1464 1146 Ec-

212 1178 329 1222 amore
346 1160 463 1220 virtutis
481 1160 568 1222 vitam
593 1159 742 1240 propriam
773 1176 825 1237 pro
864 1155 1087 1233 cli.xx1n,l3:
1108 1158 1200 1222 Perde
1215 1163 1371 1238 pecaniam
1388 1185 1463 1246 pro·

214 1243 369 1305 salvanda
399 1243 496 1304 aliena
514 1243 661 1304 immolat.
683 1239 780 1314 Quare
799 1261 824 1302 s„
860 1249 928 1318 pter·
952 1241 1083 1319 fratrem
1111 1249 1137 1302 et
1160 1246 1289 1307 amicant
1314 1256 1417 1312 taam:
1435 1259 1496 1313 et,

214 1326 373 1404 Thomas,
397 1329 531 1404 tradere,
552 1326 672 1406 inquit,
700 1327 827 1404 seipsam
864 1341 924 1384 troo
944 1325 1103 1386 abscondas
1120 1325 1204 1388 illam
1230 1330 1284 1391 cart
1309 1331 1405 1410 lapide
1430 1335 1465 1396 ia

214 1412 318 1472 intorti
330 1419 453 1490 propter
471 1412 597 1472 amiram
616 1417 658 1472 eat
674 1411 825 1492 perfectis·
860 1407 1108 1486 perditionemln
1118 1410 1182 1488 pari
1194 1430 1264 1474 aero
1280 1418 1464 1480 necessitatis

215 1497 322 1557 simas
341 1503 423 1556 actia
438 1495 572 1556 cirratis:
591 1495 669 1556 anae
693 1495 772 1556 tatia
791 1511 824 1553 a·
865 1500 1014 1552 extremae
1027 1510 1097 1552 casu
1114 1495 1280 1558 revocanda
1292 1507 1337 1559 est
1350 1500 1465 1563 theoria

217 1575 827 1657 ctarrnmapt'sappetitvirt-uocasprtamoi·
865 1574 901 1635 de
931 1575 1071 1636 conllictu
1098 1575 1176 1637 inter
1193 1578 1385 1654 amissionem
1414 1593 1466 1646 aut

220 1672 287 1724 tara
296 1663 652 1741 propriautcarparalom.
666 1659 829 1738 llndcanod
866 1658 1122 1720 conservationem
1141 1659 1219 1724 ritae
1234 1664 1371 1743 propriae
1391 1675 1420 1728 et
1432 1687 1466 1730 a·

218 1745 338 1824 aliquis
367 1745 457 1808 uitam
471 1747 627 1824 propriam
649 1743 828 1826 corporalem
866 1742 975 1805 lienae.
995 1740 1068 1802 Nam
1085 1743 1192 1805 ceteris
1205 1747 1328 1826 paribus
1342 1769 1467 1812 conser-

220 1839 352 1909 propter
364 1830 492 1892 amicant
503 1831 598 1908 pouit,
611 1847 669 1890 noa
687 1827 829 1906 roatiapit
867 1825 944 1886 vatio
963 1824 1040 1887 vitae
1059 1826 1196 1907 propriae
1211 1831 1405 1895 anteferenda
1423 1843 1468 1897 est

220 1931 265 1974 cac
284 1914 359 1985 doc,
380 1914 457 1992 qood
484 1913 591 1990 otiatus
615 1916 683 1992 ptus
702 1912 829 1974 anacam
868 1907 991 1972 alterius
1009 1910 1085 1970 vitae
1102 1913 1332 1976 conservationi.

221 2013 319 2074 attam
349 1999 475 2075 seipsam
494 1997 619 2078 diligat·
636 1998 685 2058 aad
707 1996 777 2074 pata
797 1995 830 2055 iu
912 1991 984 2054 3l9.
1005 1991 1070 2053 Dixi
1085 2013 1092 2053 z
1110 1995 1143 2056 in
1160 2012 1280 2074 ponera
1301 2017 1368 2059 narn
1389 2001 1469 2078 quod

220 2099 256 2141 se
271 2082 341 2159 plats
368 2081 466 2159 attigit
490 2082 555 2158 pais
574 2081 680 2142 anana
699 2079 829 2154 rimatio,
870 2075 975 2137 attinet
994 2073 1030 2138 ad
1048 2095 1135 2138 casus
1160 2079 1373 2158 particulares,
1394 2101 1468 2144 con-

222 2181 320 2242 quam
339 2165 445 2225 doattm
464 2164 615 2242 corporale
635 2162 694 2243 (l).
715 2163 751 2224 llt
770 2161 831 2222 rci-
870 2160 928 2220 suli
951 2158 1071 2237 debent,
1088 2161 1139 2240 qui
1156 2162 1191 2222 de
1212 2163 1341 2244 practica
1356 2167 1470 2226 theolo-

223 2267 283 2327 psa
303 2265 363 2306 non
384 2247 490 2308 desunt
506 2247 639 2328 exempla
662 2254 830 2307 sanctorum
869 2243 917 2319 gia
937 2243 1041 2303 morali
1056 2246 1271 2308 commentaria
1288 2247 1467 2326 edideruut;

224 2331 386 2406 virorum,
407 2330 459 2410 qni
482 2330 523 2392 ita
545 2349 577 2391 se
595 2330 751 2408 gesserint.
772 2327 832 2389 No·
871 2334 959 2406 prout
988 2325 1025 2388 ad
1044 2328 1164 2389 eosdem
1183 2338 1322 2392 auctores
1339 2333 1470 2394 remitti-

226 2421 295 2474 tum
315 2422 361 2475 est
384 2415 494 2474 sactum
520 2432 545 2475 s.
567 2413 684 2474 Paulini
702 2411 831 2490 Nolani,
873 2430 939 2472 urus
957 2409 987 2470 iu
1010 2410 1059 2487 iis,
1080 2431 1157 2491 quae
1176 2421 1310 2494 spectant
1327 2415 1364 2476 ed
1384 2435 1472 2496 pecu·

227 2498 283 2576 qui
310 2497 442 2577 seipsum
462 2497 492 2557 in
510 2497 682 2559 servitutem
713 2496 834 2558 tradidit
850 2522 855 2574 p
872 2495 945 2555 liare
963 2505 1153 2574 praeceptum
1179 2498 1385 2578 eleemosynae
1404 2520 1471 2561 cum

228 2581 268 2642 ad
286 2581 474 2642 liberandum
492 2581 584 2642 tilium
599 2581 705 2642 uiduae
724 2601 740 2642 a
760 2579 834 2641 van.
851 2575 853 2648 Ῑ
872 2578 934 2638 suis
957 2579 1162 2656 consectariis,
1182 2599 1250 2641 curu
1266 2582 1324 2642 hoc
1341 2583 1380 2645 sit
1395 2585 1472 2646 alte-

229 2664 309 2726 dalis
328 2665 359 2725 in
379 2665 576 2746 captivitatem
595 2666 760 2740 redactum,
776 2666 836 2744 qna
852 2657 854 2724 l
872 2661 935 2721 rius
951 2663 1130 2738 argumenti.

230 2748 269 2809 (le
289 2767 381 2810 causa
401 2749 526 2810 summis
544 2749 685 2809 laudibus
704 2767 757 2809 aa.
773 2749 835 2808 tlu-
853 2729 856 2834 ἱ

230 2831 356 2908 gastina
374 2831 502 2914 aliisque
532 2833 666 2914 patribus
685 2831 765 2892 illius
784 2849 856 2907 ae=p
1059 2829 1230 2875 PR⁰P031T¹0
1251 2833 1282 2876 ¹¹·

238 2915 309 2977 tatis
327 2915 372 2976 vir
393 2925 514 2977 sanctus
531 2917 698 2977 celebratus
714 2924 769 2975 est.
784 2914 837 2974 tt·
854 2948 856 2976 t
923 2909 1027 2959 Tenetur
1045 2914 1114 2961 ’ΨΜ
1132 2928 1161 2962 ‘²
1178 2919 1302 2976 praerepto
1318 2919 1431 2964 caratam

235 3018 297 3080 que
314 2999 345 3060 in
368 2999 445 3060 hanc
457 3000 633 3062 sementiam
647 2999 753 3060 adduci
769 3017 839 3058 con,
855 2981 857 3001 '
874 2983 1012 3042 pronianum
1034 2983 1144 3028 ordinale
1161 2983 1260 3042 diligere
1277 2986 1337 3031 sicat
1360 2983 1474 3044 scipsum.

235 3089 401 3145 sueverunt
420 3083 527 3146 Christi
547 3083 636 3144 rerba
653 3081 696 3143 lo.
718 3101 763 3160 nr,
787 3081 835 3142 ta:
855 3057 861 3168 i
918 3082 990 3144 350.
1009 3079 1148 3158 Singulae
1169 3083 1345 3146 enunciatae
1363 3103 1474 3166 propo-

232 3167 383 3232 Maa'oreat
402 3169 456 3230 aar
477 3167 659 3230 dilectiorem
682 3185 765 3228 tremo
788 3167 840 3228 tta·
856 3178 859 3268 p
877 3163 995 3228 sitionis
1023 3185 1111 3228 rores
1142 3177 1212 3230 sant
1251 3168 1475 3243 enucleandae,

238 3253 308 3328 tet,
338 3259 373 3312 at
392 3251 524 3313 animam
542 3269 626 3313 saort
652 3259 746 3330 portat
775 3250 840 3328 atria
877 3249 1051 3329 priusquam
1071 3251 1137 3313 eius
1163 3251 1317 3314 veritatem
1337 3253 1477 3314 ostenda-

235 3352 291 3413 pro
317 3334 421 3396 amicis
438 3336 501 3397 anic
520 3335 580 3415 (i).
600 3333 632 3394 ld
650 3333 745 3416 ipsum
764 3333 839 3393 iusi·
878 3352 958 3409 mns,
978 3333 1017 3396 ad
1034 3333 1168 3396 eiusdem
1201 3336 1345 3398 maiorem
1364 3336 1477 3397 intelli-

237 3426 354 3495 nuaut,
382 3436 459 3498 quae
488 3417 606 3498 scripsit
635 3437 660 3479 s.
689 3415 840 3484 loanuesl
878 3417 1021 3492 gentiam.
1053 3418 1145 3496 igitur
1171 3420 1202 3480 l⁰
1227 3419 1377 3495 diximus,
1399 3419 1479 3499 quod

236 3500 335 3581 Epist.
355 3517 408 3577 ru,
436 3501 493 3562 td:
515 3505 549 3565 la
568 3503 621 3563 lanc
653 3503 841 3582 rapatoairaaa
879 3502 963 3564 tomo
979 3510 1126 3576 teneatur,
1142 3520 1203 3562 non
1217 3510 1316 3564 autem
1336 3503 1477 3564 christia·

237 3585 394 3646 caritatem
411 3585 627 3664 Bograndium
646 3585 694 3646 ille
711 3587 840 3647 atriorum
881 3603 959 3657 uus,
984 3593 1017 3648 ut
1033 3583 1270 3660 significaremus
1303 3604 1364 3646 non
1381 3585 1479 3646 solum

238 3685 327 3729 attam
342 3685 399 3748 pra
417 3670 499 3731 realis
517 3669 631 3750 poarait;
645 3677 673 3730 ct
689 3685 742 3730 aas
757 3669 852 3730 dete-¹
881 3667 929 3744 agi
944 3667 980 3729 de
997 3674 1153 3748 praecepto
1171 3669 1410 3748 supernaturali,
1433 3687 1482 3730 ve-

238 3767 305 3812 mas
318 3753 534 3905 progratrt‘das
549 3753 666 3814 animas
676 3769 797 3832 potiere.
882 3769 948 3812 rum
969 3751 1057 3818 etiarn
1077 3750 1113 3813 de
1128 3752 1275 3828 natarali,
1292 3771 1352 3832 quo
1370 3752 1480 3828 singuli

283 3833 357 3896 3t8.
405 3833 483 3897 uoad
506 3835 584 3897 hona
602 3853 671 3916 nero
691 3843 842 3916 tempora·
883 3834 1105 3913 adstringantur
1122 3833 1160 3897 ad
1178 3845 1282 3898 mutuo
1307 3855 1340 3898 se
1358 3836 1482 3912 diligen·

239 3917 282 3978 lia
299 3917 375 3978 illud
405 3917 435 3979 iu
453 3937 562 3996 genere
581 3917 638 3980 dici
669 3927 766 4000 potest
790 3939 843 4002 pro
883 3917 966 3980 dum.
988 3919 1019 3980 2⁰
1037 3919 1182 3982 Diximus:
1200 3920 1378 3985 Proximam
1396 3920 1481 3982 ordi·

238 4000 336 4078 gradu
355 4001 541 4064 necessitatis
566 4001 694 4084 aliisque
713 4002 844 4064 circum·
884 4002 1483 4084 natedilipere,quiadiversarationehoc

239 4084 361 4146 stantiis
379 4103 459 4147 nunc
476 4093 638 4166 praestare,
656 4104 735 4148 nuuc
754 4105 844 4168 opor·
884 4085 1053 4150 dilectionis
1070 4096 1261 4168 praeceptum
1276 4095 1322 4149 est
1335 4087 1485 4150 executio·

240 4177 305 4230 tere
317 4183 378 4250 'pro
397 4167 494 4231 amico
514 4187 567 4232 seu
586 4169 720 4252 proximo
739 4169 769 4230 in
789 4190 844 4234 ne·
885 4169 914 4232 ni
939 4169 1150 4232 mandandum.
1172 4170 1382 4234 3⁰0Dinimus:
1403 4172 1484 4235 Sicut

239 4251 383 4313 cessitate
414 4261 537 4331 argente
556 4254 729 4331 constituto,
751 4252 845 4316 detri-
883 4254 1482 4337 seipsam,utintelligeretur,proxtnnm

240 4343 378 4397 mentum
395 4337 539 4418 caperein
554 4337 681 4418 propriis
696 4337 794 4412 bonis
809 4337 846 4400 ad
885 4357 946 4400 non
958 4339 1050 4401 uerbo
1062 4347 1115 4402 aut
1126 4339 1427 4416 demandanda
1437 4355 1485 4402 ve-

239 4419 482 4482 suhvcniendum
504 4419 686 4500 indigentiae
716 4419 843 4484 alienae.
884 4424 993 4501 ritate,
1016 4422 1108 4487 idest
1124 4424 1231 4485 attectu
1252 4430 1281 4484 et
1296 4422 1403 4483 etlectu
1418 4439 1484 4483 esse

238 4501 292 4564 ld·
309 4503 389 4590 enirn
419 4504 552 4567 caritatis
571 4504 690 4584 uirtuti,
712 4505 767 4566 etsi
786 4525 846 4570 nou
885 4506 1081 4584 diligendum.
1115 4504 1360 4588 Quandoquidem
1383 4513 1483 4568 aulem

757 4652 762 4658 -
919 4620 958 4688 (t)
970 4620 1011 4672 Ci.
1030 4618 1098 4689 apud
1118 4593 1256 4671 llaldouat.
1269 4624 1294 4668 ct
1305 4614 1453 4669 Cornelium
1470 4631 1498 4689 e,

276 4683 316 4754 (t)
331 4681 358 4736 l'u
378 4688 478 4738 SSrut.
494 4683 519 4738 d.
534 4689 574 4753 29,
587 4689 664 4740 erte
686 4685 716 4778 pd
729 4691 754 4740 ὅ.
885 4686 947 4755 lap.
