3700 5659
408 515 448 577 56
930 540 968 584 nr
986 541 1053 588 rina

366 624 566 703 erarrgelicam
595 625 849 705 praedicationem
869 630 966 691 comi·
1006 632 1227 716 Scripturarum
1246 645 1284 706 ad
1301 650 1448 716 ecclesiae
1464 663 1616 728 exclusio-

367 717 456 786 tatur,
476 709 527 785 c.;
560 709 597 770 ad
616 710 817 773 exclusionem
850 714 966 776 externi
1008 721 1098 781 nem?
1115 722 1139 782 A
1156 744 1285 804 quonam
1318 736 1446 800 ecclesia
1475 757 1616 811 mutuata

366 792 705 870 ecclesiaemagisterii,
724 795 764 857 N.
784 794 967 878 llancexpo·
1007 811 1053 864 est
1085 803 1249 872 doctrinam
1286 833 1372 878 suam
1406 823 1465 886 nisi
1502 829 1615 912 aSpi·

366 876 506 938 sitionom
525 877 664 956 praebuit
677 877 814 940 Christus
840 879 905 961 ipso
920 880 964 943 lo.
1006 886 1066 948 ritu
1080 899 1196 966 sancto,
1215 914 1269 957 seu
1291 917 1308 959 a
1329 901 1399 981 lieo,
1422 909 1489 971 eius
1509 911 1615 976 docto·

365 977 408 1037 vr,
428 960 481 1038 ll,
495 960 537 1021 to
564 959 678 1022 dicens:
698 964 790 1027 Nemo
803 973 898 1043 potest
914 983 966 1027 oe·
1006 988 1039 1030 re
1056 971 1129 1050 (Ν

365 1046 434 1106 nire
446 1046 486 1107 od
499 1045 627 1121 mo,aisi
635 1047 737 1122 Potor,
752 1047 804 1124 otti
817 1048 897 1110 misit
909 1068 964 1126 me,
1050 1053 1123 1116 215.
1134 1055 1246 1123 Il.Obi.
1261 1063 1402 1131 adversus
1415 1075 1614 1152 probationes

366 1129 495 1190 tractarit
511 1146 618 1190 eum...
633 1130 887 1209 Estsctiptttmt‘n
898 1151 968 1211 pro·
1007 1138 1161 1216 positivas:
1183 1144 1213 1202 1ο
1231 1151 1501 1220 contradictionem
1517 1163 1616 1225 invol-

362 1213 472 1291 pbotis:
484 1213 525 1275 Et
536 1220 624 1274 orum
635 1230 735 1275 omncs
746 1215 884 1277 docibiles
899 1219 964 1279 Dei.
1007 1220 1059 1298 vit,
1077 1223 1158 1302 quod
1176 1227 1305 1294 debeant
1323 1235 1361 1296 ab
1388 1241 1519 1305 ecclesia
1545 1247 1615 1310 fidei

368 1295 473 1358 Omrtia
491 1297 542 1374 otti
559 1296 676 1358 audivit
705 1314 724 1358 o
754 1299 846 1360 Putre
879 1317 964 1378 meo,
1008 1304 1430 1399 obiectacredendaproponi3
1447 1325 1613 1409 siquidem,

365 1388 394 1441 et
411 1380 527 1457 didicit,
541 1380 669 1442 venitod
679 1395 736 1457 mo,
747 1399 965 1463 ramponem,
1009 1387 1067 1450 nisi
1084 1391 1167 1470 prius
1184 1410 1367 1480 assumatur,
1380 1408 1542 1474 ecclesiam
1561 1433 1617 1475 er-

366 1463 420 1543 qui
435 1463 639 1524 verbosulum
655 1462 840 1526 extrinsecus
859 1485 969 1529 sonan·
1009 1471 1616 1574 sistere,illamitideminlallibilemesse,

367 1545 583 1621 tia-audiverit,
597 1546 774 1623 credet,sed
786 1548 820 1625 ii,
837 1569 966 1630 quorum
1010 1556 1128 1618 unicam
1158 1570 1249 1642 atquc
1281 1581 1481 1653 perpetuam,
1508 1583 1616 1660 nequit

367 1647 481 1710 corper
492 1629 617 1706 gratiam
633 1631 863 1708 suam-tetigerit
874 1633 965 1711 neus,
1009 1639 1074 1719 ipsa
1086 1643 1294 1710 certitudinem
1315 1671 1420 1732 parere
1431 1664 1618 1742 propositio-

366 1713 457 1792 eique
475 1712 587 1775 dociles
601 1731 634 1775 se
644 1714 838 1795 praebuerint
851 1717 911 1796 (l).
924 1717 967 1778 Α·
1010 1742 1047 1784 ne
1065 1743 1138 1804 sua3
1160 1728 1192 1788 2⁰
1216 1729 1347 1796 iamvero
1378 1739 1452 1802 haec
1472 1747 1579 1810 omnia
1598 1769 1615 1810 a

367 1796 484 1876 linquin
516 1800 627 1859 trustra
670 1798 803 1862 misisset
832 1798 968 1863 Christus
1010 1806 1102 1886 priori
1127 1813 1243 1875 ostendi
1259 1835 1318 1878 non
1337 1836 1473 1905 possunt,
1495 1830 1550 1891 sed
1563 1851 1615 1893 ne-

366 1881 519 1961 apostolos
545 1899 617 1943 suos
634 1881 672 1944 ad
689 1881 839 1945 docendas
863 1903 968 1947 omnes
1010 1909 1068 1969 que
1084 1912 1101 1953 a
1121 1897 1279 1973 posteriori
1287 1920 1340 1962 seu
1352 1905 1612 1992 perscripturam,

368 1972 485 2043 gentes.
1010 1974 1096 2036 cuius
1119 1977 1268 2059 divinitas,
1283 1984 1447 2070 integritas,
1462 1997 1614 2072 genuinus

408 2049 483 2112 tta.
497 2047 542 2110 Ad
561 2047 592 2110 3.
604 2047 709 2111 eadem
721 2057 785 2112 esto
801 2051 965 2132 distinctio,
1009 2076 1127 2138 sensns,
1148 2065 1275 2129 ecclesia
1297 2088 1357 2132 non
1381 2079 1561 2158 supposita,
1584 2082 1614 2143 ia

366 2141 456 2212 atque
473 2131 641 2213 responsio,
659 2136 969 2217 praeterquamquod
1010 2147 1241 2209 controversiam
1271 2153 1403 2218 veniunt.
1433 2161 1465 2220 3ο
1483 2161 1572 2234 Quod
1590 2166 1615 2227 si

367 2215 467 2293 verba,
487 2235 566 2296 quae
583 2215 778 2296 obiiciuntur,
807 2219 921 2282 directa
951 2240 969 2282 a
1009 2225 1200 2292 haecomnia
1219 2237 1396 2302 auctoritate
1416 2261 1472 2305 sou
1498 2266 1613 2329 propo·

366 2298 485 2360 Christo
511 2298 623 2360 luerint
640 2299 678 2361 ad
706 2304 858 2381 apostolos
873 2305 968 2366 colle·
1009 2309 1486 2400 sitioneeoolesiaeadstruantur,
1508 2349 1547 2392 en
1560 2351 1614 2394 nos

367 2381 598 2463 clivosumptos,
619 2401 674 2445 scu
693 2384 731 2446 ad
746 2386 903 2448 ecclesiam
917 2387 967 2449 do·
1009 2392 1040 2452 in
1059 2394 1204 2459 circulum
1220 2399 1362 2467 vitiosum
1377 2409 1613 2495 coniectos,quo

367 2474 497 2528 centem.
1009 2477 1154 2556 probatur
1173 2483 1301 2548 ccclesia
1320 2509 1373 2569 per
1401 2490 1611 2577 Scripturam‚

410 2549 484 2610 all.
504 2549 549 2612 Ad
564 2549 595 2610 l.
615 2551 655 2613 D.
667 2550 701 2612 ln
712 2569 804 2614 sensu
819 2554 966 2634 exposito,
1009 2559 1163 2643 Scriptura
1181 2585 1251 2629 aero
1263 2589 1317 2650 per
1331 2575 1503 2640 ecclesiam.
1524 2583 1557 2642 4⁰
1571 2583 1614 2644 Ad

369 2633 419 2710 C.;
439 2636 594 2711 seruant.
614 2634 658 2696 td
677 2645 874 2699 textumvero
898 2658 970 2720 apo·
1009 2664 1161 2708 summum
1188 2653 1369 2736 testimonia,
1401 2679 1480 2738 qnae
1512 2665 1614 2728 afferri

368 2716 439 2777 stoli
455 2717 642 2798 reponimus,
662 2719 727 2781 eius
745 2730 876 2783 mentem
888 2741 966 2801 esse,
1010 2744 1230 2794 consueverunt
1248 2737 1286 2798 ad
1303 2739 1356 2801 has
1367 2744 1514 2808 ecclesiae
1525 2767 1612 2828 prae-

370 2810 403 2862 ut
417 2809 499 2882 patet
516 2821 550 2864 ex
569 2802 715 2864 orationis
732 2804 821 2883 serie,
853 2805 968 2868 doctri·
1009 2814 1157 2891 rogativas
1174 2817 1378 2902 vindicandas,
1397 2829 1543 2891 maiorem
1559 2833 1614 2894 mi-

368 2904 449 2963 nam,
471 2905 561 2966 quam
582 2887 738 2950 corinthiis
748 2889 970 2969 praedicaverat
1010 2915 1151 2960 noremve
1166 2903 1409 2980 probabilitatem
1427 2913 1563 2992 gignunt,
1578 2936 1611 2978 eo

370 2989 387 3030 a
403 2970 467 3030 solo
486 2970 558 3048 Deo,
578 2989 634 3032 seu
669 2992 687 3033 a
714 2970 843 3053 Spiritus
873 2974 969 3036 sancti
1009 2979 1075 3060 ipso
1087 2983 1168 3062 qnod
1180 2986 1292 3048 variam
1305 2992 1456 3070 patiantur
1467 2996 1614 3080 interpre-

370 3052 552 3116 revelatione
570 3073 604 3116 se
622 3074 784 3136 accepisse,
805 3058 877 3138 quia
904 3058 969 3138 ipse
1010 3064 1153 3127 tationem
1174 3076 1282 3149 textus,
1303 3075 1414 3154 quihus
1435 3079 1505 3142 illae
1532 3083 1612 3144 inni-

370 3137 465 3214 solns,
485 3145 588 3217 utpote
603 3139 734 3200 essentia
751 3139 851 3219 Deus,
871 3149 970 3222 potest
1010 3155 1124 3210 tuntur.
1145 3149 1238 3214 Porro
1260 3155 1386 3238 simplex
1413 3164 1611 3242 probabilitas

369 3219 460 3296 scire,
481 3239 558 3299 quae
577 3219 629 3281 liei
644 3230 726 3298 sunt,
747 3223 784 3283 ad
799 3242 868 3285 eum
900 3244 969 3286 mo·
1010 3232 1221 3297 certitudinem
1250 3238 1376 3304 fundare
1403 3265 1463 3307 non
1492 3259 1610 3328 potest,

369 3301 970 3388 dum,quospiritusnniuscuiusquebo·
1010 3334 1088 3393 quae
1120 3317 1157 3378 ad
1176 3319 1265 3383 fidem
1302 3327 1424 3390 cumino
1443 3336 1614 3398 necessaria

370 3384 460 3447 minis
478 3395 576 3467 potest
586 3406 767 3466 cognoscere
784 3389 890 3453 intima
899 3411 967 3454 sna.
1010 3407 1065 3460 est.
1087 3399 1176 3478 Ergo.

368 3467 610 3551 Opponitautcm
631 3472 708 3535 hanc
726 3472 968 3538 dininamscien·
1053 3483 1126 3545 ild.
1147 3484 1287 3568 Resp.ad
1303 3493 1332 3553 l.
1349 3495 1424 3575 Nep.
1444 3496 1542 3563 immo
1567 3521 1614 3564 ve·

368 3554 440 3616 tiam
473 3555 510 3617 de
532 3555 643 3618 Christi
661 3558 810 3638 mysteriis
824 3559 969 3622 scientiae
1009 3583 1043 3626 ro
1073 3570 1238 3650 propositio
1268 3577 1413 3640 ecclesiae
1446 3585 1538 3647 unica
1570 3596 1614 3648 est

367 3639 516 3701 saeculari
535 3648 565 3702 et
592 3641 753 3703 humanae.
775 3641 853 3715 Quid
878 3663 968 3726 porro
1009 3650 1111 3730 ratio,
1137 3673 1197 3734 qua
1234 3660 1430 3724 contradictio
1467 3666 1612 3732 declinari

367 3721 424 3784 hoc
441 3741 602 3786 commune
612 3725 704 3788 habet
722 3745 789 3788 cum
803 3737 970 3808 protestan·
1011 3735 1128 3812 possit,
1154 3744 1188 3798 ut
1221 3749 1304 3819 patet
1334 3763 1368 3806 ex
1394 3746 1443 3826 iis,
1462 3770 1543 3830 quae
1560 3754 1613 3815 ad-

368 3805 443 3870 tium
462 3817 632 3870 commento
668 3810 706 3872 de
723 3810 969 3893 interpretatione
1009 3835 1112 3881 versus
1119 3828 1318 3900 protestantes
1329 3828 1530 3898 disseruimus
1549 3838 1597 3917 (3)

400 3921 439 3989 (l)
459 3923 591 3976 Praeclare
608 3925 847 3980 horumaerborum
865 3945 969 3982 settaum
1015 3934 1172 3986 illuminatos
1189 3939 1276 3990 oculos
1288 3943 1371 3994 cordis
1390 3949 1477 4001 vestri.
1491 3974 1502 3997 »
1516 3952 1616 4004 inean-

367 3990 472 4055 exponit
488 3990 565 4041 (land.
582 3991 688 4044 Tolerus
699 3993 727 4044 in
744 4011 790 4046 suo
803 3996 968 4048 Commenta·
1009 4000 1066 4052 dem
1084 4003 1266 4069 expositionem
1287 4015 1446 4068 convestiunt
1469 4021 1552 4072 ceteri
1577 4023 1615 4073 in-

367 4056 407 4106 rio
433 4055 460 4105 in
491 4057 658 4124 Evangelium
685 4062 809 4125 loannis,
837 4064 968 4115 scribens:
1010 4076 1133 4135 terpretes
1151 4087 1257 4135 oscines,
1281 4075 1420 4144 Sanctius,
1447 4088 1614 4141 Cornelius·

370 4144 381 4167 ι
397 4122 467 4173 Dicit
484 4124 607 4176 Dominus
629 4127 670 4176 bis
685 4127 788 4190 verbis,
809 4146 883 4180 onrne
901 4142 970 4183 exte·
1010 4134 1115 4202 Lepide,
1130 4137 1306 4205 baldonum,
1328 4147 1435 4215 aliique.

367 4191 423 4240 rins
440 4192 614 4256 magisterium
628 4210 678 4244 non
691 4195 808 4246 sullicere
819 4195 850 4246 ad
863 4198 970 4250 creden·
1043 4205 1082 4270 (ἱ)
1100 4204 1139 4257 fii.
1159 4206 1322 4275 interpretes,
1334 4214 1524 4272 bernardinum
1545 4238 1559 4273 a
1573 4224 1616 4274 Pi·

367 4256 442 4320 dum,
460 4259 508 4308 nisi
526 4259 635 4311 interius
648 4261 717 4312 Deus
733 4264 862 4315 illuminet
874 4273 901 4316 et
914 4283 970 4318 mo·
1009 4272 1084 4322 conio
1108 4273 1222 4340 aliosque
1240 4281 1352 4343 passim,
1377 4286 1422 4350 qui
1439 4287 1538 4339 idcirco
1556 4307 1614 4342 aar·

367 4334 427 4375 vent
443 4341 487 4376 cor
504 4326 535 4377 ad
561 4327 741 4392 credendum,
769 4331 840 4381 iuxta
862 4332 928 4384 illud
948 4338 969 4386 1.
1010 4347 1076 4404 punt
1092 4339 1233 4392 haereticos
1255 4355 1428 4414 autumantes,
1448 4371 1478 4406 ea
1495 4355 1615 4409 adductis

368 4395 429 4445 Gor.
443 4394 679 4463 Illa-Neque,qni
690 4397 797 4464 plantat,
811 4400 969 4468 estaliquid,
1010 4405 1095 4457 verbis
1123 4408 1245 4475 colligere
1268 4429 1339 4465 stram
1368 4420 1550 4474 certitudinem
1582 4423 1614 4475 de

367 4477 453 4528 neque
477 4463 522 4529 qui
540 4462 623 4545 rigat,
640 4462 700 4526 sed,
738 4465 764 4516 ni
781 4466 970 4521 incrementum
1010 4474 1114 4540 propria
1126 4474 1187 4534 fite,
1208 4475 1396 4550 iustificatione,
1414 4487 1550 4562 electiope,
1563 4502 1612 4543 etc.

371 4527 425 4588 dat,
438 4529 533 4580 Delta·
554 4529 649 4597 bphea.
662 4531 710 4582 l:-
748 4534 847 4595 eus,D.
861 4534 892 4586 N.
905 4536 926 4588 l.
939 4539 997 4588 C.·
1044 4541 1081 4608 (ὅ)
1101 4543 1129 4592 ln
1143 4550 1220 4592 tract.
1235 4542 1340 4601 Dolocic
1352 4556 1569 4624 tbeoloa.l.cap.
1586 4563 1612 4618 b,

367 4596 444 4646 Pater
461 4597 616 4662 gloriaedet
635 4600 707 4650 vobis
724 4601 843 4668 spiritum
867 4607 970 4671 sapien·
1009 4615 1058 4658 art.
1077 4613 1103 4669 2,
1123 4609 1185 4661 item
1203 4613 1231 4660 de
1249 4628 1308 4666 otro
1324 4620 1398 4684 calip.
1412 4631 1480 4690 part.
1493 4629 1525 4694 2,
1539 4643 1612 4695 prop.

368 4663 419 4713 tiae
437 4671 462 4712 et
492 4666 673 4730 revelationis,
701 4667 727 4718 in
746 4670 876 4736 agnitione
894 4673 968 4738 eitts;
1011 4679 1107 4727 tota.
