3700 5659
414 487 474 549 lbb
941 497 980 541 na
998 496 1051 541 sna

372 604 453 658 otum
473 601 518 654 est
535 592 648 656 bonnm
668 589 791 672 aliquod
814 590 971 665 sutorum,
1015 586 1052 649 ad
1071 586 1255 650 intellectum
1271 606 1390 665 ,senus
1416 607 1454 650 ao
1468 597 1610 662 autument

372 698 426 741 seu
446 678 566 754 absens,
587 677 714 738 arduum
734 683 825 756 atque
840 673 973 756 possibi-
1014 671 1129 734 saeeuli
1146 689 1195 734 nvn
1213 680 1374 735 novatores
1394 675 1458 755 (3).
1479 673 1561 740 luxta
1576 681 1609 742 di-

372 763 412 824 le.
429 760 478 824 Sic
497 761 577 823 enim
596 760 700 822 scribit
715 759 794 822 idem
813 757 974 836 bugelieus
1013 755 1187 818 versitatem
1208 755 1296 833 boni,
1317 756 1350 818 in
1367 759 1452 838 quod
1469 779 1541 842 spes
1555 773 1608 826 ten.

287 871 289 875 ·
372 846 488 908 doctor:
508 845 597 910 Circo
614 845 760 908 obiectum
772 844 833 924 spei
844 851 975 922 quotuor
1013 839 1068 917 dit,
1087 839 1150 901 sivo
1167 840 1336 918 naturalis,
1355 842 1420 904 sive
1436 858 1608 926 supernatu-

372 930 554 994 eouditioues
589 929 812 992 attenduntur:
843 927 971 1002 Primo,
1012 925 1104 1000 ralis,
1124 942 1194 1006 spes
1219 923 1284 1005 ipsa
1302 924 1334 985 in
1353 930 1526 993 naturalem
1544 941 1571 993 et
1583 933 1607 994 in

373 1015 451 1093 prend
467 1015 506 1077 sit
522 1015 646 1086 bouum;
664 1031 725 1076 reon
740 1014 836 1086 euim,
851 1011 976 1092 proprie
1012 1008 1270 1088 supernaturalem
1301 1017 1447 1090 unquam
1484 1013 1519 1076 in
1548 1015 1608 1080 duas

372 1098 534 1178 loquendo,
555 1105 596 1160 est
612 1114 675 1178 spes
693 1097 756 1162 uisi
773 1098 808 1158 do
826 1095 928 1169 borto‚·
946 1102 975 1157 et
1013 1091 1130 1171 species
1144 1091 1348 1170 distinguitur3
1368 1115 1453 1176 quae
1466 1097 1617 1162 distinctio¹
1674 1144 1676 1155 .

371 1200 426 1262 per
446 1183 500 1246 boe
516 1182 616 1262 differt
646 1199 710 1261 spes
728 1197 747 1243 o
766 1181 897 1257 timore,
922 1180 975 1260 qui
1012 1175 1103 1237 etiam
1132 1176 1254 1238 aliunde
1275 1179 1483 1243 confirmatur.
1503 1183 1563 1248 Nos
1579 1186 1607 1248 do
1674 1225 1676 1249 r

373 1275 417 1329 εει
441 1267 581 1328 domolo.
602 1265 858 1343 secundantem
885 1263 973 1344 futu·
1012 1259 1077 1321 sola
1111 1278 1164 1340 spe
1197 1265 1441 1342 supernaturali,
1481 1286 1561 1348 quae
1584 1280 1608 1332 et
1674 1318 1676 1339 ,

372 1368 458 1424 rum;
470 1369 531 1414 uon
545 1351 624 1412 euim
636 1367 701 1429 spes
718 1356 758 1412 est
775 1351 811 1412 de
822 1349 975 1428 praesenti
1012 1343 1179 1422 theologica
1203 1356 1411 1426 nuncupatur,
1433 1369 1525 1428 agere
1543 1373 1607 1417 oon·
1674 1386 1676 1424 1

372 1435 434 1498 ioue
448 1436 559 1510 bobito,
580 1443 608 1498 et
618 1451 675 1514 per
691 1436 743 1497 boc
757 1433 856 1514 differt
874 1451 939 1512 spes
955 1450 974 1494 a
1012 1427 1177 1490 stituimus.
1194 1429 1229 1490 ln
1246 1449 1305 1510 quo
1321 1441 1423 1496 autem
1439 1454 1510 1518 spes
1528 1439 1605 1517 haer,

374 1519 496 1596 poudio,
518 1522 594 1598 quod
611 1529 651 1581 εει
669 1520 703 1582 de
719 1521 793 1582 bouo
806 1518 970 1598 praesenti.
1012 1519 1102 1592 prout
1119 1512 1218 1576 differt
1234 1533 1252 1576 a
1269 1518 1420 1596 naturali,
1447 1523 1605 1600 consistat,
1674 1558 1675 1561 κ

377 1604 473 1665 Tertio
489 1603 683 1682 requiritur,
707 1604 784 1683 quod
804 1602 842 1664 sit
860 1602 975 1680 aliquid
1013 1605 1200 1692 compertum
1227 1598 1278 1660 fiet
1301 1618 1337 1661 ex
1353 1601 1528 1684 insequenti
1548 1628 1609 1690 pro·
1674 1641 1676 1667 ς

373 1687 517 1766 arduum,
537 1705 605 1750 oum
621 1688 790 1768 difficultate
807 1687 976 1766 adipiseibi-
1013 1690 1173 1760 posntnoue.

374 1771 415 1845 le,·
429 1789 491 1833 uon
508 1771 589 1834 euim
606 1773 714 1852 uliquis
732 1773 845 1834 dieitur
861 1771 976 1849 olipuid
1109 1845 1117 1865 x

277 1919 279 1925 ,
372 1872 495 1934 sperare
516 1855 687 1933 minimum,
709 1859 785 1936 quod
815 1856 975 1918 sentiment
1229 1867 1406 1918 rnorosnrno
1573 1927 1578 1932 ¹
1674 1926 1676 1929 ¹

374 1939 408 2000 in
435 1957 490 2036 suo
507 1947 670 2020 potestate,
690 1941 858 2039 utbotneot:
875 1948 902 2002 et
922 1957 977 2019 per
1014 1967 1073 2032 sp„
1089 1967 1225 2018 eneruem
1248 1970 1283 2016 eu
1307 1973 1387 2022 seres·
1404 1973 1561 2038 etaerupem,
1575 1993 1611 2038 ps
1667 1994 1676 2017 .-

374 2023 427 2086 boe
440 2025 540 2104 differt
556 2043 620 2105 spes
639 2043 657 2088 o
674 2027 847 2103 desiderio,
860 2025 904 2086 uel
921 2041 975 2086 eu·
1049 2050 1122 2096 quum
1134 2040 1200 2086 urta
1212 2047 1266 2086 urm
1276 2035 1366 2095 mucro
1376 2047 1533 2102 emereamur
1543 2061 1557 2092 a
1568 2046 1610 2095 nn
1665 2060 1676 2099 n

270 2157 273 2166 ,
370 2109 510 2188 quiditate,
530 2127 604 2189 quoe
631 2118 672 2172 est
703 2113 738 2174 de
769 2113 844 2173 bono
871 2109 977 2189 futuro
1051 2108 1102 2185 ¹¹⁴⁰!
1117 2104 1515 2192 nmtntmtnenneurnnm,puae
1532 2117 1558 2162 io
1574 2113 1611 2162 nn
1665 2112 1676 2169 l

374 2193 517 2256 absolute·
537 2194 649 2268 Quarto
674 2195 978 2273 quodmudarduum
1048 2173 1611 2257 fruitioneeousutrt,tunelmedrortttuseon·
1667 2204 1671 2255 Ι

373 2278 413 2339 sit
427 2279 566 2358 possibile
584 2243 723 2358 adipisci
741 2297 803 2340 nou
821 2279 900 2339 euim
917 2277 978 2339 oti·
1049 2242 1299 2360 {ifffljfflss'
1322 2247 1465 2295 diurnorum
1479 2253 1612 2310 ”mm
1667 2258 1671 2317 Ῑ

375 2361 442 2440 quis
459 2369 559 2441 speret
576 2361 619 2440 id,
639 2364 717 2440 pund
742 2363 862 2424 omniuo
877 2362 978 2439 adipi-

375 2446 417 2507 εειΙ
431 2463 492 2507 nou
505 2453 615 2526 potest·
633 2455 658 2508 et
676 2449 839 2510 secuudum
854 2447 907 2509 boe
921 2446 980 2528 dis·
1063 2445 1093 2505 l.
1114 2443 1231 2508 Dicitur
1248 2448 1279 2508 l⁰
1300 2449 1416 2528 uirtus,
1434 2451 1508 2532 quia
1533 2453 1613 2533 perti-

375 2532 436 2611 sert
455 2547 519 2609 spes
533 2547 553 2592 o
567 2531 799 2611 desperatione(
821 2531 847 2612 ).
1019 2527 1060 2589 cit
1091 2529 1244 2593 hominem
1282 2532 1334 2614 qui
1362 2553 1429 2596 eam
1461 2537 1611 2617 possidet,

420 2614 451 2676 5.
465 2613 644 2694 Discrimen,
657 2615 738 2698 quod
753 2635 779 2677 s.
793 2615 897 2677 doctor
908 2633 980 2676 oon·
1019 2621 1109 2694 prout
1120 2616 1274 2696 proprium
1286 2625 1332 2679 est
1344 2618 1477 2682 ouiusris
1492 2621 1610 2682 virtutis.
1667 2632 1672 2691 'z

376 2697 475 2762 stituit
507 2699 586 2762 inter
618 2699 800 2781 desiderium
820 2708 850 2762 et
871 2717 978 2780 spem,
1019 2696 1057 2758 Et
1082 2699 1204 2778 quidem
1234 2702 1420 2784 tbeotopiru,
1448 2724 1482 2766 ac
1501 2706 1612 2788 proinde
1671 2704 1672 2777 l

376 2783 504 2863 intelligi
515 2784 605 2847 debet
617 2785 653 2847 de
668 2785 798 2868 simplici
817 2783 978 2863 desiderio,
1020 2784 1257 2862 supernaturalis
1293 2805 1328 2848 ao
1364 2786 1508 2851 divinitus
1541 2790 1611 2850 inlu·
1668 2780 1676 2841 i

376 2865 459 2950 quod
477 2887 538 2931 non
556 2869 681 2932 includit
699 2870 878 2932 arduitatem
899 2868 983 2930 obie-
1019 2883 1054 2926 sa
1073 2865 1134 2946 (d):
1152 2868 1223 2949 quia
1239 2888 1293 2952 pro
1312 2871 1431 2934 obiecto
1451 2873 1612 2935 immediato
1668 2888 1672 2921 ·³

376 2954 416 3015 oti
434 2954 626 3036 assequendi,
643 2964 731 3036 prout
750 2973 815 3017 eam
838 2953 982 3035 supponit
1021 2949 1114 3012 habet
1130 2951 1237 3033 Deum,
1259 2973 1411 3017 summum
1425 2957 1557 3019 bominis
1570 2958 1613 3019 bo·
1668 2978 1672 3033 n

376 3056 457 3119 spes,
475 3057 554 3118 quae
572 3048 731 3120 propterea
745 3038 870 3115 erigitur
888 3037 926 3098 ad
940 3037 980 3099 il·
1020 3052 1116 3112 num,
1137 3038 1363 3117 possidendum.
1388 3036 1453 3111 Quo
1489 3050 1612 3124 spectant
1672 3088 1673 3131 ,

376 3121 437 3182 lam
475 3123 635 3186 efficaciter
666 3141 719 3204 per
742 3123 863 3184 idonea'
881 3121 981 3184 media
1020 3118 1073 3180 illa
1091 3123 1219 3201 apostoli
1233 3123 1336 3185 verba:
1353 3126 1432 3187 Deus
1450 3135 1550 3188 notun
1563 3128 1613 3205 spei
1669 3152 1673 3183 :

376 3205 600 3286 superandam,
631 3215 720 3286 prout
741 3205 812 3268 alibi
833 3206 978 3286 exponit,
1020 3206 1134 3282 replent
1152 3225 1201 3270 oos
1218 3209 1301 3270 omni
1317 3211 1430 3288 paudio
1461 3219 1488 3272 et
1501 3227 1573 3290 pore
1588 3212 1613 3271 iu
1669 3202 1675 3277 ἱ,

376 3287 491 3352 dicens:
511 3289 580 3370 Spes
593 3307 686 3369 supro
701 3291 880 3353 desiderium
896 3290 983 3352 oddit
1020 3289 1177 3368 eredendo,
1191 3300 1225 3354 ut
1239 3293 1394 3356 abundetis
1408 3293 1442 3354 iu
1459 3312 1511 3375 ope
1526 3305 1552 3358 et
1564 3296 1614 3358 oir-
1670 3316 1674 3325 ·

376 3375 523 3452 quendum
547 3382 684 3437 remotum
702 3382 729 3438 et
750 3375 900 3454 quondum
921 3374 981 3435 ele·
1022 3379 1084 3434 tute
1104 3374 1351 3456 Spiritusnoneti
1374 3376 1435 3457 (5).
1674 3390 1675 3439 ς

374 3459 522 3521 ontionem
551 3459 647 3522 enimi
679 3461 718 3522 od
748 3459 981 3539 consequendum
1064 3457 1096 3517 8.
1117 3459 1150 3520 2⁰
1176 3461 1266 3525 Certo
1289 3478 1356 3523 eum
1372 3463 1504 3541 fiducia,
1525 3463 1563 3525 ad
1579 3462 1613 3524 si·

376 3542 484 3606 bouum
500 3545 631 3608 arduum
651 3543 712 3625 (ἓ).
1020 3539 1222 3618 gnifieandum
1235 3544 1364 3608 solidum
1381 3545 1612 3622 fundamentum,

419 3628 449 3689 6.
470 3627 513 3690 Ex
540 3629 587 3692 bis
606 3628 820 3708 intelligimus,
841 3634 980 3690 naturam
1020 3625 1070 3685 oui
1083 3625 1234 3709 innititur,
1254 3629 1306 3711 qui
1321 3637 1432 3710 sperat,
1447 3630 1486 3693 ad
1501 3631 1543 3711 id,
1564 3650 1613 3713 quo

375 3711 440 3792 spei
461 3714 627 3789 generatim
646 3722 784 3795 sumptae
801 3713 832 3774 in
847 3711 981 3794 appetitu
1020 3709 1126 3790 tendit,
1150 3715 1317 3796 pervenire.
1337 3715 1369 3776 3⁰
1383 3713 1453 3776 Ideo
1471 3716 1612 3778 subditur:

375 3795 540 3859 consistere
555 3799 684 3861 alieuius
703 3797 776 3861 boni
801 3795 907 3874 tutori,
929 3815 980 3857 ar·
1019 3793 1219 3873 deportamus
1236 3818 1255 3862 n
1273 3801 1354 3876 Deo,
1376 3798 1448 3880 quia
1472 3799 1613 3862 beatitudo

376 3879 428 3941 dui
451 3899 485 3942 ao
504 3883 657 3962 possibilis
675 3905 683 3962 ;
710 3901 745 3944 ao
764 3889 923 3964 propterea
943 3880 980 3942 ad
1020 3877 1088 3938 talis
1105 3890 1161 3961 est,
1183 3902 1261 3964 quae
1279 3882 1353 3944 solis
1366 3891 1493 3946 naturae
1506 3884 1612 3947 viribus

374 3964 559 4026 uoluntatem
592 3967 741 4048 pertinere
758 4015 766 4046 ‚
786 3985 848 4029 non
877 3971 978 4028 autem
1019 3967 1188 4047 comparari
1216 3968 1347 4051 nequit3
1384 3967 1558 4050 siquidem,
1587 3977 1613 4030 ut

409 4111 449 4180 (l)
461 4113 529 4167 lbid.
543 4125 593 4170 ert.
608 4121 633 4168 l.
1054 4114 1092 4179 (³⁸)
1105 4115 1180 4182 Quod
1198 4135 1256 4186 spes
1271 4117 1414 4184 theologica
1433 4118 1517 4170 virtus
1534 4118 1566 4169 sit
1580 4116 1612 4167 di·

409 4181 448 4250 (2)
462 4181 483 4246 1,
497 4187 524 4247 Ξ,
542 4202 568 4254 q.
583 4189 628 4248 25,
645 4188 736 4239 art.l.
1019 4183 1114 4235 vinitus
1140 4187 1239 4250 inlusa,
1266 4189 1394 4238 sancitum
1409 4194 1449 4238 est
1473 4203 1488 4236 a
1509 4185 1611 4238 Consilio

409 4251 448 4318 (5)
467 4249 508 4304 cf.
532 4253 638 4320 Suanos,
651 4257 688 4308 De
704 4269 755 4318 rpe,
776 4250 844 4322 disp.
864 4257 895 4316 l,
917 4259 979 4304 sent.
1017 4250 1170 4306 Tridentino
1194 4272 1256 4307 sess.
1274 4260 1300 4319 o,
1322 4270 1380 4322 cap.
1406 4259 1432 4318 7,
1460 4253 1501 4306 his
1518 4253 1606 4305 verbis:

374 4321 485 4385 2‚n.l,
503 4321 547 4374 ubi
566 4321 669 4376 adnotat
690 4327 825 4374 novatores
843 4327 980 4388 utramque
1021 4323 1076 4371 ·ln
1106 4323 1160 4390 ipsa
1189 4322 1369 4375 iustificatione
1398 4339 1457 4374 oum
1475 4323 1610 4374 remissione

374 4387 508 4455 virtutem,
528 4391 606 4443 tidem
623 4393 722 4444 seilicet
744 4407 773 4442 ao
787 4405 855 4458 spem
873 4390 928 4441 lere
940 4389 979 4439 in·
1018 4398 1181 4454 peccatorum
1216 4391 1280 4443 haec
1308 4390 1392 4442 omnia
1430 4391 1507 4441 simul
1537 4389 1610 4440 inlusa

374 4463 415 4506 ter
432 4475 459 4509 se
477 4461 806 4526 ooulundere,neoaotum
825 4456 977 4527 speiafidei
1018 4459 1111 4526 accipit
1130 4461 1204 4511 bomo
1224 4477 1270 4528 por
1294 4459 1378 4511 lesum
1396 4458 1548 4519 Christum,
1574 4458 1609 4508 eui

374 4534 433 4576 notu
451 4526 621 4597 distinguere.
647 4529 682 4582 Ex
700 4545 751 4598 quo
769 4529 885 4581 inierunt
907 4543 978 4594 sporn
1018 4524 1141 4580 inseritur
1158 4527 1252 4588 fidem,
1270 4544 1340 4593 sptem
1366 4535 1391 4580 et
1409 4527 1572 4580 caritatem.»

374 4610 428 4644 osse
447 4599 472 4650 in
497 4601 640 4663 intellectu,
659 4601 766 4667 eiusque
785 4597 889 4650 formale
908 4595 980 4647 obie-
1054 4596 1091 4664 (a)
1112 4597 1186 4650 Romi.
1201 4595 1258 4659 xv,
1271 4601 1313 4647 13.

374 4673 443 4716 etum
457 4686 510 4720 osse
528 4687 629 4733 verum,
655 4685 705 4720 uon
724 4676 809 4720 autem
834 4667 940 4718 bonum.
