3700 5659
424 483 485 546 lld
948 495 987 539 us
1028 495 1097 540 ripn

398 594 524 657 stitutus
542 589 633 652 luerit
636 588 759 670 ,repeti
781 587 871 650 dehet
891 605 927 650 cx
953 587 1003 648 iu·
1044 585 1237 650 iconoclastis
1254 583 1384 685 aliisque
1409 589 1547 672 antiquis
1579 591 1653 658 hae·

396 677 539 741 ventione
571 674 644 737 artis
671 672 919 769 typographicae,
944 691 1004 754 qna
1043 671 1157 751 reticis,
1174 672 1227 753 qui
1245 674 1352 753 quovis
1373 674 1464 736 modo
1498 669 1653 743 destruere¹

399 763 510 826 lactum
530 769 587 838 est,
608 767 641 821 ut
660 757 743 835 libri,
763 757 817 838 qui
833 765 921 819 autea
943 775 1003 818 non
1044 755 1140 818 adnisi
1155 764 1225 818 sunt
1242 757 1461 820 catholicorum
1481 759 1650 844 libros(i)

399 845 458 909 nisi
477 844 592 922 magnis
610 840 755 923 impensis
772 840 885 905 excribi
915 849 1004 939 pote:
1044 841 1156 903 saeculi
1175 857 1224 902 xvi
1241 849 1401 904 novatores
1420 842 1529 905 cadem
1556 845 1649 908 ratio-

399 939 467 994 rant
481 949 516 992 ac
533 929 621 1005 longo
634 934 781 1007 tempore,
798 925 929 1006 ideoque
943 925 1004 988 rari
1044 943 1082 987 nc
1097 942 1164 987 sese
1182 935 1339 1003 gesserunt
1358 934 1419 987 turn
1440 927 1546 1008 quoad
1557 928 1650 993 libros

398 1013 599 1090 habebantur,
619 1010 810 1092 multiplicari
825 1027 1005 1074 summane
1033 1009 1273 1087 catholicorum,
1292 1019 1355 1072 tum
1374 1011 1475 1092 quoad
1495 1011 1652 1076 librasse

398 1097 517 1161 leritate
533 1095 698 1178 coeperint,
720 1103 750 1157 et
768 1095 875 1175 exiguo
892 1102 1003 1177 potue·
1043 1092 1218 1172 cleriorum,
1239 1093 1292 1175 qui
1315 1094 1442 1156 invicem
1460 1095 1524 1156 sihi
1552 1096 1648 1158 adver-

398 1183 459 1245 rint
470 1181 568 1278 pretio
583 1178 764 1262 comparari.
780 1178 930 1242 Haeretici
947 1180 1004 1243 hac
1044 1176 1200 1240 sabantur.
1221 1176 1385 1240 Lutherani
1407 1179 1647 1261 proscripserunt

398 1265 541 1330 facilitate
559 1263 648 1326 abusi
675 1270 745 1325 suut
769 1263 807 1324 ad
825 1282 897 1326 suos
916 1281 1003 1325 erro·
1043 1259 1654 1342 librosanabaptistammctsacramenta·

397 1369 447 1414 res
471 1346 722 1412 disseminandos.
755 1347 869 1409 Exinde
902 1357 1004 1411 coacta
1043 1345 1171 1422 riorum3
1191 1347 1417 1408 sacramentarii
1432 1347 1531 1410 libros
1560 1349 1646 1410 vicis

398 1445 444 1497 est
458 1433 593 1496 Ecclesia
603 1430 641 1494 ad
657 1430 909 1512 praemuniendos
923 1432 1003 1494 filias
1044 1428 1101 1490 sim
1117 1429 1338 1510 prohibuerunt
1355 1431 1606 1510 lutheranorum;
1639 1443 1648 1495 t

397 1522 469 1581 suos
487 1519 567 1579 bunc
586 1515 715 1577 indicem
735 1525 922 1592 construere,
941 1534 1002 1595 quo
1044 1512 1085 1574 ita
1103 1531 1192 1594 porro
1209 1516 1269 1595 (3).
1297 1513 1377 1593 Sed,
1400 1515 1481 1596 quod
1514 1453 1650 1584 animail

399 1602 480 1664 noxii
502 1600 572 1663 lihri
589 1608 778 1678 notarentur,
796 1608 826 1661 et
843 1617 949 1661 eorum
961 1601 1004 1663 le·
1043 1597 1180 1660 versione
1199 1598 1320 1676 dignum
1348 1608 1408 1678 cst,
1429 1599 1541 1661 iisdem
1560 1600 1649 1663 mori'»

397 1686 456 1749 ctio
475 1683 715 1762 interdiceretur,
731 1702 769 1746 ne
784 1683 881 1764 pravis
893 1683 1004 1746 doctri·
1043 1681 1087 1742 vis
1105 1681 1328 1760 innitebantur,
1357 1683 1469 1764 quibus
1491 1695 1649 1747 moventur

398 1770 446 1833 nis
463 1769 572 1832 imbuti
591 1768 649 1849 ipsi
670 1766 728 1830 sibi
743 1767 906 1849 perniciem
927 1787 1002 1830 con·
1043 1764 1182 1826 catholici
1205 1766 1236 1826 in
1255 1767 1449 1847 prohibendis
1480 1767 1650 1831 haeretico-

397 1854 571 1917 sciscerent.
593 1851 780 1914 habentibus
808 1852 896 1914 annis
914 1851 1003 1914 index
1043 1867 1110 1910 rum
1130 1850 1261 1931 scriptis.
1295 1849 1344 1912 Sic
1367 1851 1447 1912 enirn
1475 1850 1649 1915 Witakerns

397 1938 508 2016 iugiter
523 1944 630 2000 auctus
647 1944 704 2015 est,
727 1936 769 1998 ita
786 1944 820 1999 ut
837 1936 1001 2000 identidem
1043 1933 1193 1994 Edmundi
1212 1934 1366 2014 Campiani
1386 1936 1511 2016 quintae
1527 1938 1649 2015 rationi

397 2022 536 2086 debuerit
555 2020 691 2100 excudi(
695 2020 739 2101 l)
1044 2036 1104 2097 qua
1125 2017 1152 2080 is
1171 2017 1283 2080 athleta
1302 2020 1569 2100 conquerebatur,
1587 2042 1650 2103 pru·

438 2107 511 2169 588.
531 2105 670 2186 igitur
646 2123 708 2167 srne
729 2112 862 2187 spectata
883 2123 929 2168 rer
943 2124 1001 2168 na
1043 2100 1142 2163 hiberi
1153 2101 1300 2178 inhnglra
1311 2103 1648 2184 libroscatholrcorum

396 2188 1002 2269 tura,s1vemissioueEcclesiaeaChri-
1043 2186 1372 2266 respondebamus
1393 2191 1510 2251 aoohis
1532 2191 1649 2268 (catho-

383 2269 458 2352 sto,
478 2273 638 2336 lundatore
652 2291 724 2351 suo,
747 2273 871 2351 tributa,
892 2273 1004 2336 siveu·
1043 2268 1126 2348 licis)
1142 2272 1281 2333 ooscribi
1284 2289 1383 2368 ,qnae
1397 2275 1568 2336 necessario
1583 2294 1650 2355 pro

384 2372 433 2419 'sa
455 2365 624 2454 perpetuo,
645 2356 708 2419 sive
733 2355 854 2418 demum
883 2357 1002 2421 ratione
1044 2355 1171 2418 bibenda
1188 2363 1275 2428 sunt,·
1292 2357 1354 2418 taisi
1368 2359 1448 2418 enirn
1466 2367 1494 2420 et
1526 2375 1648 2439 rempu-

395 2440 501 2504 hahita
541 2441 784 2520 gravissimarum
810 2441 1001 2505 sanctionum
1044 2439 1151 2501 blicam
1168 2440 1312 2502 seditione
1340 2441 1470 2517 turbari,
1491 2450 1521 2503 et
1548 2445 1649 2506 Eccle-

394 2525 594 2588 conciliorum
622 2524 798 2607 praesertim
825 2527 1002 2589 oecumeni-
1042 2523 1118 2585 siant
1136 2524 1407 2602 lueresalalorare
1427 2534 1456 2588 et
1470 2530 1647 2590 mentastro

397 2628 502 2672 corum
530 2628 787 2706 romanorumque
810 2607 1000 2689 Pontificum,
1043 2609 1161 2670 mineum
1178 2609 1307 2688 nefariis
1333 2609 1528 2688 opinionibus
1557 2613 1647 2675 imbui

397 2703 526 2774 constat,
545 2693 736 2757 Ecclesiam
727 2713 787 2771 rus,
808 2693 870 2756 imo
883 2711 957 2757 vero
974 2705 1003 2758 et
1043 2692 1195 2769 uellantur,
1214 2693 1427 2756 librosoestros
1450 2695 1485 2757 ab
1517 2698 1650 2758 omniu

398 2798 511 2842 munus
533 2797 568 2841 ac
602 2777 733 2841 officium
764 2777 877 2841 babere
907 2779 1003 2842 libros
1042 2775 1112 2839 dita
1124 2777 1290 2856 propellere
1317 2781 1480 2857 oportebat.
1517 2781 1600 2842 Nanr
1627 2783 1654 2851 si
1678 2781 1679 2784 ’

398 2882 510 2961 pravos·
527 2862 722 2945 prohibendi,
741 2881 781 2926 ne
804 2863 837 2924 iu
867 2862 1003 2927 fidelium
1043 2861 1237 2942 maantratns
1256 2879 1358 2924 enuere
1378 2863 1541 2960 dilipenter
1570 2853 1678 2955 solelJ

397 2948 562 3029 perniciem
582 2948 700 3010 cedant.
1042 2962 1082 3007 ne
1097 2961 1156 3024 qna
1169 2946 1261 3026 pestis
1276 2949 1414 3028 oontaqio
1429 2949 1463 3010 in
1475 2965 1565 3011 snam
1579 2949 1646 3012 cirl-
1675 2983 1676 3020 ι

442 3033 516 3095 589.
536 3031 705 3094 Potuissem
727 3031 805 3093 hanc
824 3031 1004 3113 propositio·
1043 3036 1132 3091 tatem
1147 3031 1269 3093 aliunde
1287 3031 1454 3110 inseratur,
1470 3034 1570 3095 rnnlto
1591 3037 1648 3112 qni·
1674 3049 1675 3086 t

399 3133 468 3176 nem
488 3123 678 3212 argumento,
692 3114 1005 3196 quodvocantadbo·
1043 3115 1110 3175 dem
1127 3115 1224 3194 napis
1241 3116 1458 3213 procidendum
1476 3125 1531 3192 est,
1556 3137 1597 3180 ne
1614 3121 1674 3180 li-

397 3200 509 3262 minem
527 3199 636 3262 inuicte
651 3198 819 3275 adstruere,
836 3199 894 3262 nisi
912 3219 1003 3282 prae·
1043 3199 1091 3260 dri
1104 3199 1273 3278 pestilentes
1288 3209 1314 3261 et
1329 3201 1502 3279 perniciosi,
1519 3187 1673 3281 equibus
1671 3243 1672 3279 ,

399 3282 449 3343 liri
463 3282 577 3345 limites
598 3282 753 3346 brevitatis
778 3284 867 3346 aliter
894 3303 1003 3365 posce·
1045 3283 1176 3345 homines
1195 3284 1335 3346 illiterati
1362 3287 1536 3366 mortiferos
1565 3306 1646 3349 erro·
1670 3311 1671 3345 ι

398 3375 477 3428 rent.
495 3360 650 3449 Siquidem
663 3368 849 3450 exploratum
864 3376 921 3447 est,
940 3377 1003 3432 tum
1043 3377 1097 3428 res
1111 3368 1268 3444 hauriant,
1286 3369 1416 3447 palam
1404 3387 1438 3431 in
1454 3373 1524 3466 [oro
1542 3374 1670 3435 volita

398 3469 434 3512 er
456 3451 595 3529 historia,
614 3460 677 3514 tum
695 3470 730 3514 en
754 3452 841 3514 lactis
867 3453 1005 3516 luculen·
1043 3452 1198 3531 repausent
1207 3452 1267 3532 (l)
1282 3451 1381 3514 Haec
1374 3472 1439 3534 ipsa
1454 3443 1669 3535 intorquean·
1667 3487 1668 3490 ¹

397 3534 537 3616 tissimis,
558 3536 664 3619 quovis
682 3545 817 3619 tempore
835 3536 1003 3602 haereticos
1044 3535 1120 3596 tur
1112 3555 1143 3596 ιιι
1161 3535 1256 3598 libros
1267 3537 1488 3600 baereticorum
1504 3549 1536 3600 et
1554 3541 1645 3601 incre

397 3620 612 3686 etiucredulos
625 3621 754 3685 maxime
767 3620 1003 3686 sollicitusluis-
1044 3618 1204 3699 dulorurn,
1225 3629 1255 3682 et
1272 3622 1360 3702 plane
1379 3623 1578 3685 cohonestata
1598 3626 1647 3686 erit

396 3705 469 3767 sein
481 3706 707 3785 comburendis,
719 3705 921 3786 destruendis,
934 3724 1004 3789 pro·
1043 3705 1210 3766 catholicae
1228 3705 1381 3768 Ecclesiae
1397 3707 1508 3787 praxis.
1527 3707 1645 3769 Possem

396 3789 537 3854 bibendis
561 3790 649 3854 lihris
671 3789 913 3854 adversariorum
932 3809 1002 3853 suo·
1044 3786 1193 3850 eiusmodi
1214 3789 1387 3851 testimonia
1407 3790 1645 3853 adversariorum

395 3891 477 3970 rum,
499 3875 660 3958 praecipue
676 3894 748 3939 nero
767 3875 1001 3954 catholicorum,
1043 3871 1156 3950 ingenti
1175 3892 1314 3952 numero,
1332 3875 1357 3936 si
1373 3891 1447 3955 opus
1464 3883 1556 3952 esset,
1577 3878 1647 3938 mul·

397 3957 450 4036 qui
461 3959 609 4038 perversis
621 3979 725 4021 eorum
739 3958 932 4057 dogmatibus
945 3978 1002 4058 op·
1043 3956 1179 4038 trplrcare
1187 3959 1247 4037 (5)
1264 3976 1367 4020 verum
1381 3977 1505 4022 necesse
1518 3979 1581 4020 nun
1595 3969 1645 4035 est

395 4050 589 4120 ponerentur.
623 4040 750 4106 Omissis
769 4044 850 4107 euim
875 4043 1000 4125 arianis,
1043 4058 1111 4103 cunr
1132 4059 1300 4124 respersa
1323 4051 1434 4124 pateat.
1512 4051 1514 4058 ’

430 4170 468 4238 (l)
486 4172 617 4223 Postrema
629 4171 708 4224 editio
726 4172 775 4225 sub
792 4173 917 4242 Gregorio
932 4173 1003 4239 xvi,
1042 4174 1108 4226 licus
1121 4190 1164 4225 rex
1178 4175 1204 4226 in
1217 4176 1316 4236 Africa,
1337 4176 1465 4226 referente
1490 4175 1647 4228 trecoren-

394 4254 438 4290 an.
454 4242 520 4290 ¹835
539 4239 645 4307 prodiit,
663 4250 771 4294 curante
793 4243 826 4294 ll.
839 4244 870 4295 P.
884 4211 1003 4312 chcla:
1043 4246 1107 4294 tensi
1125 4242 1171 4293 lib.
1191 4248 1217 4305 2,
1230 4246 1266 4295 Dc
1281 4250 1400 4308 persecut.
1421 4243 1560 4295 ϊιιάαια
1577 4243 1649 4296 Curti·-

393 4322 447 4358 sac.
462 4309 544 4374 Cong.
562 4310 703 4360 necaretis.
1041 4327 1083 4362 ees
1111 4311 1246 4364 universos
1274 4311 1452 4373 sacerdotum,
1477 4329 1543 4380 quos
1561 4329 1638 4380 prusa·

430 4374 544 4443 (nilum
557 4375 1002 4431 Arianossollicitoaluisseinccm·
1041 4378 1205 4458 quelrantnr,
1225 4388 1391 4447 praeceperat
1408 4379 1514 4446 ignibus
1533 4381 1636 4432 tradi:·

393 4441 519 4495 burendia
531 4444 642 4496 catholic
636 4461 718 4497 mrum
737 4444 820 4508 libris,
845 4453 935 4497 testem
953 4447 1002 4498 ba·
1042 4456 1067 4500 ct
1085 4447 1120 4498 ita
1139 4447 1233 4516 reliqui
1251 4463 1278 4500 se
1296 4457 1441 4516 gesserunt.

392 4509 484 4564 Manus
496 4511 637 4591 Georgium
655 4510 928 4582 pseudopatriarcham
942 4515 1003 4566 Ale·
1077 4515 1114 4581 (5)
1134 4513 1263 4578 zaccaria,
1276 4532 1320 4584 op.
1334 4518 1380 4567 cit.
1399 4515 1444 4566 lib.
1459 4519 1487 4578 2,
1505 4532 1564 4584 cap.
1580 4520 1604 4566 7.

390 4580 485 4632 aaudr.
509 4581 536 4632 in
554 4582 630 4649 epist.
649 4581 681 4633 ad
706 4579 842 4633 orthodox.
868 4584 906 4634 Dc
920 4598 1003 4647 perre-
1076 4583 1115 4649 (t)
1129 4583 1194 4636 lind
1214 4600 1242 4636 ιι.
1256 4589 1282 4634 a

384 4654 442 4700 sut.
461 4653 535 4701 ecrit.
548 4652 591 4704 Sic
608 4649 686 4706 etiam
702 4649 885 4717 Hunucricua,
899 4651 1002 4706 Vanda-
1075 4653 1114 4720 (ὅ)
1133 4650 1205 4718 Quae
1224 4668 1314 4721 magua
1341 4649 1414 4720 copia
1442 4649 1526 4705 rideri
1544 4662 1627 4720 pronun
