3700 5659
748 523 844 569 curun
862 527 890 568 x.
1342 519 1402 580 139

206 640 238 683 ac
262 613 389 700 periculi
425 615 557 697 plenam,
591 613 803 698 expendendae
835 613 1009 677 'Alexander
1023 612 1071 679 lV:
1089 619 1394 706 inhibemusqnoque,
1408 644 1445 690 ne

207 707 361 784 supersunt
389 697 657 776 circumstantiae,
677 697 708 761 iu
731 698 802 780 qui·
842 698 947 778 cuique
966 699 1058 764 laicae
1072 721 1219 784 personne
1241 705 1325 770 tinent
1339 711 1444 790 puhli-

209 787 259 848 bus
283 789 401 845 tuntum
422 783 505 846 licite
534 792 564 845 et
588 783 703 862 absque
721 782 803 863 peri·
843 801 873 846 ce
889 783 934 845 uel
948 783 1094 862 priuatim
1109 787 1144 849 de
1156 790 1213 870 side
1231 791 1375 858 catholica
1392 794 1444 856 di·

209 871 269 931 culo
286 867 454 948 disputatio
471 867 583 948 suscipi
605 875 713 948 potest,
742 866 804 928 sive
842 869 1041 948 sputare;qni
1058 887 1125 952 uero
1144 874 1364 954 contrafecerit,
1386 894 1442 940 eoc-

210 972 240 1014 er
255 959 336 1032 parte
354 950 588 1032 disputantium,
602 949 707 1012 siueer
720 957 804 1031 parte
842 951 1119 1016 coornaranicotioois
1144 955 1245 1034 laquea
1268 958 1441 1022 innodetur.

209 1034 400 1110 audientium,
413 1034 478 1096 sive
490 1053 524 1096 er
544 1033 633 1096 modo
651 1034 805 1116 disputan·
843 1033 973 1114 ideoque
993 1035 1049 1098 suh
1065 1037 1144 1116 gravi
1164 1037 1276 1117 obligat
1293 1041 1443 1106 eiusmodi

205 1120 246 1178 di.
264 1116 306 1178 Sit
322 1118 432 1198 itaque
843 1116 1025 1180 interdictio.
1053 1118 1162 1184 Verum
1194 1123 1243 1184 hic
1273 1125 1441 1204 quaeritur,

500 1270 503 1277 Ι
843 1201 896 1281 qui
914 1201 1059 1264 laicorum
1085 1205 1206 1284 nomine
1228 1205 1444 1287 designentur?

467 1282 538 1364 (ΙΙ.
843 1283 944 1362 Longe
960 1286 1152 1349 verisimilior
1183 1289 1304 1352 illorum
1325 1302 1445 1354 seuten-

205 1447 209 1452 ,
226 1412 259 1460 ῃ,
274 1409 586 1472 earnemcarnem
601 1412 787 1472 mmmm·
845 1367 885 1429 tia
903 1367 1037 1465 videtur,
1067 1379 1099 1432 ut
1129 1371 1215 1468 tales·
1230 1373 1367 1436 dicautur
1392 1393 1445 1457 per

206 1488 208 1494 ·
844 1459 1062 1534 oppositionem
1085 1454 1126 1518 ¹ad
1145 1455 1270 1520 clericos
1299 1457 1335 1520 ad
1368 1477 1445 1538 quos

249 1537 316 1598 565.
336 1535 566 1616 Disputantium
586 1535 707 1598 nomine
724 1554 805 1598 com·
844 1535 900 1596 hoc
922 1536 1051 1598 officium
1070 1557 1085 1600 s
1108 1547 1196 1616 ectat,
1217 1539 1298 1602 iuxta
1318 1541 1392 1604 illud
1406 1541 1446 1606 Α·

214 1621 431 1698 plectimurtam
455 1621 619 1682 catholicos
632 1639 722 1702 quarn
735 1619 806 1682 hae·
844 1619 965 1698 postoli,
989 1620 1068 1700 quod
1081 1558 1158 1686 gaus
1175 1621 1256 1684 dedit
1268 1632 1403 1704 pastores
1418 1633 1446 1690 et

215 1704 322 1782 reticos,
346 1721 417 1764 curn
436 1703 549 1784 quihus
567 1703 729 1784 disputatio
751 1723 805 1765 su·
844 1705 974 1766 doctores
993 1705 1027 1766 in
1053 1706 1286 1786 aedificationem
1311 1709 1446 1787 corporis

216 1787 337 1866 scipitur.
353 1785 717 1868 Conditionessiquidem,
728 1806 805 1867 quae
838 1786 971 1862 Christi,
987 1806 1094 1868 nempe
1113 1787 1265 1854 Ecclesiae
1274 1791 1335 1872 (3).
1351 1791 1446 1872 quue

211 1871 313 1931 'seruari
331 1869 456 1947 debent,
475 1879 507 1930 ut
525 1870 607 1933 licita
624 1871 676 1932 illa
688 1871 804 1947 evadat,
846 1878 927 1950 putet
945 1871 978 1932 ei
997 1869 1129 1934 Concilio
1148 1871 1286 1955 Cartluag.
1311 1871 1359 1952 lV,
1377 1894 1443 1956 cap.

217 1953 335 2014 alliciunt
353 1963 514 2034 utrosque,
529 1954 664 2017 licetsuh
689 1954 805 2016 diuerso
846 1953 898 2015 98:
915 1955 1033 2026 Latous,
1041 1957 1248 2034 praecentione
1261 1958 1385 2032 clericis,
1399 1960 1447 2021 ni·

212 2045 350 2116 respectu.
845 2038 872 2098 ei
890 2037 965 2117 ipsis
983 2038 1169 2114 intuentibus,
1192 2040 1294 2102 docere
1316 2059 1377 2104 non
1392 2059 1446 2104 eu-

254 2120 320 2182 566.
341 2119 379 2182 Ut
396 2120 580 2206 incipiamus
605 2120 804 2198 acatholicis,
846 2122 912 2184 deat
927 2121 987 2200 (l):
1005 2120 1036 2182 in
1055 2121 1166 2200 quihus
1184 2123 1283 2186 uerbis
1305 2124 1374 2186 laici
1393 2143 1446 2206 per

218 2205 365 2277 generatim
385 2205 672 2283 animadvertimus,
692 2205 806 2285 requiri
846 2203 1066 2284 oppositionem
1088 2205 1265 2270 adelericus
1284 2208 1445 2270 nominau-

220 2287 321 2367 enipsa
335 2290 403 2368 lege
423 2299 562 2366 naturae,
581 2298 625 2364 ut,
638 2288 807 2370 quiineunt
846 2296 905 2349 tur.
927 2287 962 2349 Et
979 2289 1088 2349 clarius
1110 2289 1208 2352 adhuc
1230 2310 1263 2352 ex
1292 2310 1318 2352 a.
1346 2289 1447 2354 Leone

221 2369 450 2453 deputationem,
471 2372 549 2435 firmi
565 2373 625 2434 sint
643 2373 673 2432 iu
689 2371 758 2449 tide,
772 2390 807 2433 ac
846 2370 883 2431 Μ.
898 2371 950 2452 qui
966 2371 1081 2434 scribit:
1101 2373 1224 2436 Praeter
1235 2393 1293 2452 eas,
1310 2376 1361 2455 qni
1375 2384 1448 2438 snut

223 2454 320 2515 nullum
339 2457 413 2537 ipsis
429 2458 522 2519 instet
537 2455 703 2537 periculum
720 2455 807 2516 dubi·
846 2456 970 2518 lionini
994 2457 1173 2532 sacerdotes,
1194 2459 1296 2522 nvrrttus
1317 2457 1376 2522 sihi
1400 2459 1448 2522 ina

223 2536 450 2616 tutionis,1nulto
470 2560 540 2602 uero
557 2540 652 2618 magis
670 2538 808 2600 exciden·
846 2540 971 2604 woendu'
987 2547 1013 2600 et
1028 2541 1222 2618 praedicandi
1240 2543 1349 2606 audeat
1376 2543 1447 2604 uin-

224 2619 247 2677 di
261 2640 276 2680 a
288 2622 353 2700 lide;
375 2624 434 2686 hcc
450 2625 530 2686 enim
550 2623 581 2684 iu
599 2642 670 2684 casu
687 2622 818 2698 ruinam,
846 2624 958 2700 dicare,
978 2623 1038 2684 sice
1056 2623 1106 2686 ille
1124 2625 1297 2700 inonachus,
1321 2627 1384 2688 stru
1407 2625 1448 2688 eit

225 2702 271 2763 sihi
286 2717 445 2786 pararent,
471 2707 541 2769 dum
560 2707 629 2768 aliis
654 2705 807 2786 suppetias
847 2705 952 2780 laicus,
976 2708 1027 2784 qui
1045 2707 1174 2772 alicuine
1191 2709 1333 2772 scientiae
1345 2714 1448 2772 nonai·

225 2786 288 2848 lerre
309 2791 506 2853 contendunt.
531 2789 656 2870 Requiri
684 2789 808 2870 insuper
846 2806 885 2852 ne
900 2789 1049 2868 plectetur
1064 2789 1124 2868 (5).

226 2876 252 2927 ut
265 2872 441 2937 sufficienter
459 2875 565 2938 doctus
582 2874 632 2950 sit,
649 2881 682 2935 nt
702 2881 808 2953 potens
890 2873 965 2934 568.
982 2871 1092 2934 Verum
1109 2873 1158 2934 hie
1176 2872 1336 2936 difficultas
1347 2873 1448 2936 exori-

226 2952 257 3013 n't
272 2972 324 3032 coe,
342 2960 395 3036 qai
408 2960 630 3034 contradicunt,
656 2973 806 3037 creuere,
849 2965 897 3016 tur
918 2955 1018 3035 quoad
1037 2955 1130 3018 laicos
1145 2956 1259 3036 doctos,
1279 2976 1351 3020 num
1366 2965 1395 3020 et
1423 2955 1465 3018 i·-

226 3043 252 3094 ut
265 3036 391 3119 loquitur
410 3043 567 3124 apostolus
584 3041 643 3121 (l).
666 3039 808 3120 Alioquin
848 3039 910 3121 psis
924 3039 1081 3114 interdieta
1093 3039 1132 3102 sit
1146 3059 1215 3102 cum
1230 3039 1389 3104 haereticis
1404 3040 1449 3102 di·

228 3117 385 3186 deteriorem
412 3127 528 3188 iaceret
553 3143 686 3199 eausam,
717 3142 808 3203 quarn
848 3123 997 3204 sputatio,
1017 3143 1084 3184 cum
1105 3123 1231 3186 seientia
1262 3133 1291 3188 et
1313 3121 1468 3188 doctrina·

229 3199 368 3270 defendere
384 3209 524 3286 assumit,
544 3207 658 3286 ingenti
674 3206 808 3268 lidelium
848 3207 962 3288 pollent
979 3205 1017 3268 ad
1037 3207 1132 3270 valide
1151 3207 1352 3286 retundendas
1375 3209 1450 3270 hae-

231 3288 361 3352 scandalo.
379 3292 538 3355 Eiusmodi
555 3299 653 3354 autem
674 3290 810 3352 doctrina
849 3292 1012 3352 reticorum
1048 3291 1218 3354 uersutias‘l
1254 3293 1451 3356 Communior

230 3384 271 3429 seu
287 3372 407 3438 scientia
424 3376 548 3438 relatiua
561 3375 668 3438 saltem
681 3393 747 3436 esse
760 3374 810 3436 de·
848 3373 1005 3456 responsio
1022 3383 1078 3452 est,
1097 3374 1178 3438 haud
1195 3394 1247 3438 eos
1265 3395 1353 3457 posse
1369 3376 1450 3438 eius-

231 3447 269 3512 let
294 3455 329 3516 ad
342 3458 438 3540 illam,
459 3479 520 3541 qua
545 3458 734 3521 adversarius
758 3477 811 3540 po·
850 3457 931 3520 modi
944 3457 1160 3540 disputationes
1172 3457 1260 3538 inire,
1280 3460 1386 3521 saltem
1399 3459 1452 3520 ah-

230 3532 287 3596 titur
303 3539 361 3620 (5).
849 3560 928 3622 sque
941 3541 1072 3622 episcopi
1088 3541 1172 3603 iussu
1193 3551 1245 3606 aut
1262 3551 1380 3620 rogatu,
1398 3550 1451 3604 aut

263 3619 326 3682 dil.
345 3623 377 3686 ln
401 3627 502 3708 specie
521 3636 622 3690 autem
641 3625 707 3688 iure
726 3624 808 3706 posi·
850 3625 908 3687 uisi
934 3643 1041 3702 magna
1069 3624 1182 3686 utilitas
1210 3625 1397 3703 intercedat,
1421 3632 1452 3687 et

232 3697 277 3789 tivo
301 3708 500 3774 ecclesiastico
525 3711 583 3773 sub
612 3708 810 3772 anathematis
849 3707 1037 3773 consuetudo
1054 3708 1130 3770 leret
1146 3708 1207 3789 (6),
1230 3728 1265 3772 ac
1285 3727 1374 3771 omne
1394 3707 1456 3771 65·

231 3789 452 3857 interminatione
464 3803 592 3870 vetatur,
607 3812 646 3856 ne
663 3792 758 3854 laicus
771 3810 809 3854 >se
850 3791 913 3855 unni
928 3791 1094 3872 periculum
1105 3790 1195 3854 absit.

232 3862 405 3946 disputationi
417 3878 544 3954 ingerat,
558 3886 591 3939 nt
603 3883 684 3958 patet
697 3893 731 3936 er
741 3895 807 3956 cap.
893 3876 965 3938 569.
981 3875 1017 3936 dc
1032 3875 1106 3936 haec
1126 3875 1247 3956 quidem
1263 3875 1300 3938 de
1316 3875 1451 3939 Catholi-

232 3948 265 4009 9(
278 3953 424 4024 haereticis
442 3963 473 4022 in
493 3964 524 4042 6,
542 3961 595 4024 ubi
617 3959 661 4022 sic
675 3959 811 4040 loquitur
850 3959 910 4039 cis,
927 3958 1009 4040 quod
1026 3977 1095 4022 uero
1119 3967 1234 4042 spectat
1257 3959 1297 4022 ad
1319 3959 1453 4024 haereti-

260 4097 292 4164 (t)
304 4103 339 4154 hd
351 4107 402 4159 Tit.
417 4115 444 4170 t,
455 4115 482 4162 9.
498 4104 540 4162 Gt.
562 4108 669 4170 Saurea,
685 4106 752 4174 disp.
766 4113 810 4168 20,
851 4107 934 4159 minor
950 4105 1067 4160 doctrina
1085 4108 1112 4159 iu
1124 4107 1250 4161 catholico
1267 4109 1378 4172 sufficit,
1391 4110 1453 4162 iteur

235 4174 256 4208 ¹¹·
266 4170 288 4226 ὃ,
299 4169 340 4222 ubi
357 4185 411 4241 pest
422 4195 443 4227 s.
456 4177 577 4230 Thoonem
591 4179 626 4238 ll,
640 4181 667 4237 2,
680 4191 707 4241 q.
721 4180 748 4234 2,
759 4184 810 4226 ert.
851 4176 935 4227 minor
952 4175 978 4226 in
997 4192 1025 4227 rc
1046 4175 1138 4242 clera,
1161 4189 1237 4244 quem
1255 4177 1283 4230 iu
1301 4177 1410 4241 difficili,
1428 4185 1454 4230 et

237 4232 276 4291 ’θ’
292 4251 337 4286 nou
354 4258 431 4307 peuce
443 4244 597 4296 documenta
609 4259 639 4293 ec
662 4242 757 4292 uuuuitu
769 4241 809 4292 ai·
849 4245 886 4294 sic
906 4243 931 4292 in
945 4242 1012 4294 eliis.

208 4321 214 4362 e
235 4293 283 4356 ¹⁰¹¹,
302 4320 362 4368 quiae
374 4311 445 4362 utilia
464 4312 511 4362 huc
534 4311 561 4362 in
580 4327 607 4360 rc
621 4308 775 4360 ueldcsunt.
884 4315 911 4375 (5
938 4309 1030 4376 Ephet·
1042 4307 1087 4372 W,
1102 4313 1145 4372 Η,
1158 4313 1200 4362 ¹²·

260 4363 449 4431 (luctuum-ez
483 4378 547 4430 ihid.
566 4376 611 4428 ubi
629 4376 810 4427 arrimadvertit
883 4380 910 4443 (h
950 4377 1026 4444 Apud
1051 4375 1132 4428 ilerd.
1154 4376 1222 4432 Aeta
1242 4376 1316 4430 Cone.
1336 4384 1398 4428 tom.
1418 4384 1471 4440 l.-

238 4438 277 4504 ¹¹⁰,ss
302 4452 365 4501 l¹⁰⁸⁸e
402 4448 556 4513 generaliter
583 4443 684 4496 deliniri
714 4453 810 4510 quantu
850 4445 971 4497 ich98‘t.

236 4505 324 4553 eruentis
349 4515 510 4578 requiratur,
538 4509 584 4564 red
612 4509 811 4562 considerandas
883 4513 922 4580 (6)
937 4507 1456 4579 up.uouadttuctmumAuaoct.episc.

237 4573 281 4612 ⁰⁸³2
305 4572 516 4646 circumstantiee3
536 4595 596 4630 nem
624 4576 656 4629 ad
674 4577 810 4645 disputan·
849 4596 907 4646 cup.
921 4583 949 4641 6,
967 4577 1010 4630 ed.
1023 4578 1147 4630 Bullerin.

255 4643 289 4682 lm
306 4654 358 4693 cnm
374 4643 499 4699 haeretico
522 4645 625 4698 indocto
648 4645 690 4696 uel
709 4645 809 4714 vulgari
884 4646 923 4715 (6)
938 4649 1044 4711 Suurcz,
1060 4645 1131 4714 disp.
1143 4648 1187 4707 20,
1199 4649 1262 4696 tect.
1278 4647 1303 4707 l,
1327 4659 1355 4698 n.
1379 4647 1421 4698 tl.
