3700 5659
774 481 869 526 carus
884 483 923 526 rr.
1371 471 1431 536 135

213 587 283 642 ium
306 577 346 642 de
369 575 630 659 disciplinaribus,
654 583 717 638 turn
740 574 827 637 deni·
868 595 906 636 no
925 549 1083 652 abiiciunt,
1101 587 1152 640 ant
1171 577 1258 642 etiam
1280 581 1429 664 inpetunt
1444 595 1474 650 et

212 683 279 744 que
300 663 341 725 de
354 663 404 739 iis,
417 681 495 742 quae
512 660 550 723 ad
563 678 664 721 mores
678 667 824 742 spectant.
868 661 1007 740 quatiunt
1025 661 1082 724 snb
1098 663 1204 742 quovis
1222 669 1380 747 respectu?
1395 689 1473 732 non-

214 747 302 809 l'ieri
323 747 406 808 enim
424 746 497 808 haec
520 751 675 824 nequeunt
692 763 710 805 a
728 743 827 825 priva·
869 761 906 804 ne
925 743 975 805 isti
993 745 1204 808 abscesserunt
1219 757 1248 810 et
1263 750 1428 815 abscedunt
1455 775 1473 817 a

214 834 255 893 tis
276 829 478 908 bominibus,
498 829 682 910 quicumque
707 827 729 887 ii
759 827 827 888 iue—
867 826 985 889 Christo
1004 829 1129 910 eiusque
1144 848 1235 908 regno
1249 851 1303 895 sen
1317 845 1473 918 apostatae

214 916 299 992 rint,
327 913 443 995 absque
467 919 639 992 contemptu
663 911 829 973 catholicae
868 911 991 973 totidem
1007 913 1069 974 veri
1085 915 1173 976 sunt‘i
1185 915 1226 976 Ex
1244 915 1282 979 iis
1297 921 1401 999 procul
1413 922 1473 984 du-

214 998 398 1078 religionis,
417 1005 508 1078 atque
525 995 697 1059 haereticali
716 996 828 1057 latente
868 994 918 1056 bio
946 1014 1013 1058 esse
1035 997 1273 1079 convincuntur,
1300 1001 1336 1064 de
1360 1005 1473 1084 quibus
1556 1000 1559 1006 ⁴

214 1084 247 1143 in
266 1082 366 1145 corde
390 1081 550 1164 principio,
570 1079 651 1161 qnod
669 1079 757 1141 citius
776 1098 827 1141 se·
867 1078 979 1160 passim
999 1081 1152 1162 apostolus
1171 1083 1318 1164 loquitur,
1332 1105 1473 1168 praeser-

214 1167 283 1229 rius
311 1167 420 1228 oblata⁴
444 1165 602 1228 occasione
635 1163 765 1226 exterius
795 1182 828 1225 se
868 1162 921 1224 tim
939 1182 1009 1225 vero
1029 1163 1060 1225 in
1089 1164 1215 1246 epistola
1233 1168 1271 1230 ad
1296 1168 1470 1252 llebraeos,

216 1250 345 1331 prodet.
867 1247 920 1308 ubi
939 1265 1087 1310 summam
1112 1248 1238 1313 istarum
1268 1255 1473 1320 conversionis

260 1333 416 1398 5191111]
426 1351 497 1396 vero
514 1331 618 1412 ecquis
629 1330 744 1392 inficias
758 1330 825 1410 ibit,
868 1330 1072 1394 difficultatem
1092 1344 1248 1412 exaggerat
1265 1336 1326 1399 illis
1344 1340 1444 1403 verbis
1462 1362 1470 1404 :

216 1419 274 1481 hos
294 1437 422 1495 omues,
446 1436 523 1498 quos
541 1416 771 1493 recensuimus,
792 1435 827 1477 a·
867 1415 1050 1494 Impossibile
1066 1425 1126 1494 est,
1145 1435 1210 1497 eos,
1232 1422 1283 1499 qai
1299 1425 1474 1489 semilarent

216 1503 345 1584 liosque
370 1501 518 1564 eiusmodi
550 1500 644 1578 magis
661 1500 706 1560 vel
727 1499 828 1560 minus
867 1500 1473 1582 illumiaatipestoeeroatctiomdoaum

216 1597 347 1665 apertae
376 1593 545 1667 apostastae
574 1584 644 1646 vitio
663 1583 828 1646 laborare?
867 1584 1036 1647 coeleste...
1057 1593 1083 1648 et
1102 1587 1238 1668 prolapsi
1259 1599 1341 1666 suat,
1362 1609 1472 1656 rursus

216 1672 269 1748 qui
285 1691 324 1733 se
335 1671 418 1752 ipsos
428 1678 648 1750 oppugnatores
665 1668 828 1748 hostesque
867 1669 1012 1731 renouari
1030 1671 1068 1732 ad
1081 1671 1299 1750 poeniteutiam
1320 1673 1381 1754 (5),
1403 1685 1433 1738 et
1449 1676 1473 1738 i·

218 1755 369 1817 exbibent
395 1753 560 1816 catholicae
578 1752 649 1814 fidei
666 1771 757 1832 quam
777 1752 827 1814 in·
868 1759 977 1814 terum:
1000 1749 1174 1816 Voluntaria
1190 1755 1473 1836 eaimpearantidos

218 1840 320 1901 terius
354 1838 546 1916 amiserunt,
583 1845 674 1916 atque
707 1854 826 1898 omnem
868 1837 951 1899 nobis
967 1847 1033 1916 past
1052 1847 1199 1918 acceptam
1227 1841 1366 1904 notitiam
1389 1845 1472 1906 ueri-

217 1923 292 1984 dant
312 1941 460 2005 operam,
487 1929 556 1984 uta
580 1920 727 1996 religione
745 1920 827 1985 chri·
870 1921 952 1998 tatis,
972 1922 1034 1984 iam
1049 1939 1109 1984 aaa
1129 1923 1314 2001 relinquitur
1327 1943 1385 2004 pro
1403 1946 1472 2006 pee-

218 2007 322 2069 stiana
349 2026 383 2068 se
399 2005 560 2067 descivisse
578 2004 745 2081 glorientur
763 2012 827 2066 turn
868 2004 942 2066 catis
960 2006 1076 2082 bestia,
1098 2007 1244 2071 terribilis
1263 2017 1361 2070 aetem
1380 2027 1473 2088 quae-

220 2091 330 2169 dictis,
363 2099 426 2152 tum
443 2089 529 2151 iactis
548 2087 736 2164 omnigenis?
751 2087 827 2148 Pro·
868 2088 937 2150 dam
955 2089 1117 2168 expectatio
1142 2090 1267 2169 iudicii,
1284 2100 1313 2156 et
1331 2093 1412 2174 ipuis
1426 2113 1474 2158 ae·

221 2175 313 2251 tecto,
334 2174 359 2236 si
375 2175 421 2236 vel
439 2173 550 2234 dubius
568 2173 599 2234 iu
619 2172 678 2232 fide
699 2163 828 2233 infidelis
867 2172 1010 2250 mulatio,
1030 2191 1104 2252 qaae
1125 2183 1337 2253 coassumptara
1353 2187 1397 2240 est
1415 2181 1472 2242 ad·

221 2267 264 2320 est
283 2260 348 2340 (1);
367 2257 489 2339 quidde
504 2258 541 2319 iis
560 2255 757 2330 censendum,
775 2255 828 2336 qui
868 2258 1070 2319 ocrearius...
1090 2257 1274 2321 demendum
1288 2268 1328 2323 est
1342 2263 1473 2326 inridere

223 2363 342 2405 omnem
362 2343 538 2404 abiecerunt
555 2341 656 2418 fidem,
671 2359 705 2402 ec
721 2339 826 2401 saltem
869 2341 902 2401 ia
920 2359 1030 2404 anonas
1049 2343 1103 2406 Dei
1121 2342 1244 2406 viventis
1257 2343 1316 2424 (b).
1330 2345 1367 2408 Et
1381 2345 1473 2410 inter·

222 2427 263 2487 ita
279 2447 314 2489 se
331 2435 451 2504 gerunt,
470 2445 506 2488 ac
524 2425 550 2487 si
573 2426 686 2486 nullam
706 2425 828 2484 omnino
869 2444 905 2486 ea
924 2423 973 2486 isti
993 2427 1124 2488 tumenti

224 2511 312 2572 fidem
332 2511 497 2589 haberent,
523 2517 614 2590 atque
638 2508 727 2570 etiam
747 2517 829 2570 atrox
912 2509 985 2571 551.
1004 2509 1045 2572 De
1063 2529 1166 2573 sacrae
1177 2511 1365 2594 antiquitatis
1381 2533 1471 2576 sensu

228 2594 338 2657 bellum
361 2595 455 2674 omni,
476 2613 537 2676 qua
553 2601 679 2675 possunt
697 2611 765 2673 ope,
782 2593 829 2654 ei·
869 2593 981 2670 ambigi
1001 2593 1117 2675 nequit,
1139 2603 1242 2676 utpote
1260 2614 1338 2676 qnae
1363 2597 1473 2676 iugiter

227 2680 292 2740 dem
324 2679 481 2741 indicunt?
496 2697 597 2740 nonne
626 2695 731 2738 omnes
750 2677 831 2737 velut
870 2694 922 2737 eos
938 2677 1111 2742 abominata
1129 2678 1178 2740 sit.
1200 2677 1272 2740 Nam
1288 2679 1314 2742 si
1332 2682 1378 2742 vel
1391 2682 1472 2764 ipsos

227 2773 381 2843 apostatae
399 2762 565 2844 turpissimi
583 2760 713 2824 habendi
725 2761 830 2821 erunt?
869 2759 1049 2823 libellaticos
1059 2762 1280 2824 etthurisrcatos
1288 2764 1473 2842 gravissimis

266 2849 342 2912 550.
360 2846 502 2919 Quamvis
519 2855 618 2908 autem
633 2845 758 2906 forsitan
770 2864 830 2906 non
870 2844 997 2906 ecclesia
1017 2846 1121 2928 poenis
1137 2845 1276 2922 subiecit,
1294 2847 1419 2926 quidde
1436 2868 1472 2910 a·

228 2951 330 2995 omnes
364 2930 577 2994 ecclesiasticis
605 2928 741 2992 censuris
773 2929 830 2989 ab·
870 2927 994 3007 postatis
1013 2937 1042 2990 et
1057 2929 1260 2992 desertoribus
1275 2931 1415 3012 senserit,
1434 2955 1473 2994 u-

227 3017 319 3078 stricti
330 3017 404 3091 siut,
421 3016 464 3079 uti
480 3014 623 3078 baeretici
638 3022 667 3075 et
676 3020 830 3094 apostatae
870 3011 1058 3092 nusquisque
1074 3031 1128 3094 per
1156 3031 1188 3075 se
1206 3013 1293 3076 lacile
1318 3014 1470 3094 intelligit.

228 3101 437 3182 turmalesit),
450 3109 550 3161 tamen
568 3117 669 3160 coram
683 3098 756 3170 lieo,
769 3097 829 3158 imo
871 3093 946 3158 Hinc
965 3115 990 3157 s.
1006 3095 1169 3178 Cyprianus
1192 3097 1236 3159 sic
1251 3098 1288 3162 de
1307 3097 1382 3180 ipsis
1400 3102 1475 3162 scri-

230 3194 255 3244 et
273 3185 370 3264 addo,
388 3203 489 3246 coram
507 3182 702 3261 bominibus,
720 3181 831 3260 quibus
871 3179 972 3242 behat:
994 3180 1153 3260 apostatae
1169 3199 1236 3244 earo
1254 3191 1284 3246 et
1298 3185 1471 3260 desertores,

228 3269 297 3330 adeo
310 3287 399 3346 grave
409 3266 742 3350 praebent,scandalum
756 3266 831 3327 tales
869 3265 915 3326 vel
933 3267 1101 3330 aduersarii
1119 3275 1147 3330 et
1157 3267 1290 3330 basiaret
1305 3269 1420 3332 Cbristi
1431 3288 1475 3332 ec-

231 3354 369 3415 censendi
380 3361 461 3414 sunt.
476 3351 560 3414 Certe
576 3351 730 3412 oraculum
746 3347 833 3411 Chri·
870 3349 989 3411 alesiam
1019 3351 1207 3431 dissipantes,
1233 3369 1309 3432 aec,
1329 3354 1356 3414 si
1387 3355 1474 3416 occisi

230 3437 263 3498 sti
281 3448 338 3498 est:
361 3438 420 3513 Qui
437 3437 591 3518 nequierit
603 3452 649 3496 me
663 3451 763 3496 coram
781 3434 831 3495 bo
865 3449 923 3510 pro
948 3434 1064 3498 Cbristi
1083 3435 1205 3498 nomiae
1222 3435 1298 3516 foris
1329 3437 1470 3516 fuerint,

229 3523 378 3598 minibus,
399 3523 510 3602 nequeo
528 3529 555 3581 et
573 3537 624 3598 eqo
643 3536 709 3580 earm
727 3535 830 3583 coram
869 3517 990 3579 admitti
1017 3521 1177 3582 serendam
1209 3521 1373 3598 apostolam
1399 3539 1471 3598 pas-

228 3606 316 3668 l’atre
329 3623 404 3682 meo,
425 3606 477 3684 qai
491 3605 525 3665 iu
540 3604 627 3666 coelis
641 3610 683 3665 esi
700 3602 762 3682 (3),
775 3619 829 3662 seu
868 3609 942 3662 suat
960 3603 999 3664 ad
1032 3602 1166 3664 ecclesiae
1193 3620 1296 3680 paoem
1313 3650 1321 3679 ,
1351 3607 1472 3680 quaudo

229 3690 339 3750 ntalibi
358 3689 479 3766 legitur:
496 3687 613 3762 Qoime
631 3687 784 3748 erubuerit
803 3693 829 3746 et
868 3701 923 3746 uec
957 3686 1094 3763 spiritus,
1123 3703 1175 3746 aer
1198 3686 1332 3748 eeclesiae
1366 3695 1472 3748 tenue-

229 3790 301 3835 raeos
314 3790 477 3848 samaeas,
495 3772 575 3834 bunc
588 3771 686 3834 Filius
701 3769 830 3832 bominis
868 3777 942 3830 runt
971 3769 1118 3830 unitatem
1149 3768 1210 3849 (l).
1231 3767 1313 3838 Quae
1348 3770 1471 3850 quidem

228 3859 369 3921 erubescet
397 3875 464 3920 aum
488 3855 602 3918 venuit
625 3855 657 3916 iu
677 3855 830 3917 maiestate
869 3851 996 3930 intelligi
1015 3851 1136 3929 debent,
1157 3851 1215 3913 nisi
1239 3851 1422 3929 resipuerint
1436 3873 1471 3916 e-

231 3959 283 4002 sua
299 3941 359 4022 (1).
380 3939 458 4012 Quid
476 3957 565 4020 porro
585 3939 643 4000 erit
657 3938 694 4000 de
711 3938 761 4016 iis,
776 3937 829 4018 qni
868 3935 1000 3998 iusmodi
1023 3936 1169 4013 infelices,
1196 3937 1472 4018 poenitentiamque

229 4022 373 4087 Christum
403 4025 530 4105 eiusque
553 4023 711 4084 ecclesiam
733 4021 829 4084 omni·
867 4021 1031 4083 salutarem
1052 4021 1178 4099 egerint.

259 4158 296 4221 (1)
314 4156 356 4207 Uti
382 4153 492 4206 habetur
518 4154 545 4204 in
569 4155 652 4220 capite
684 4155 767 4221 primo
791 4158 828 4205 De
867 4160 917 4216 ter,
935 4163 961 4204 et
978 4153 1005 4204 in
1023 4154 1131 4221 profess.
1150 4153 1210 4206 tidei
1228 4152 1267 4205 Pii
1291 4152 1336 4219 tv,
1359 4162 1385 4208 et
1410 4153 1473 4206 alibi

231 4225 372 4284 lunaticis,
400 4231 426 4274 et
449 4239 462 4272 a
487 4222 763 4272 canonistisomnibus
780 4222 826 4273 ad·
867 4221 970 4290 passim.

231 4293 342 4343 struitur.
361 4290 398 4340 ue
421 4305 474 4356 quo
498 4289 626 4356 principio
655 4290 691 4339 ri.
715 4291 826 4353 Snerez,
901 4289 939 4354 (5)
958 4287 1049 4341 blattb.
1063 4286 1096 4349 X,
1111 4292 1154 4340 55.

231 4356 293 4424 disp.
307 4365 346 4422 l9,
359 4365 421 4408 sect.
434 4361 461 4418 li,
476 4372 503 4406 n.
517 4362 560 4419 11),
579 4358 623 4423 qui
635 4357 828 4419 animadvertit,
901 4356 940 4422 (b)
951 4355 1013 4406 Luc.
1027 4354 1071 4414 lX,
1085 4359 1128 4406 26.

234 4426 350 4476 eiusmodi
368 4426 572 4484 dubitationem,
590 4433 619 4475 ut
641 4427 673 4475 sit
691 4424 829 4476 infidelitas
902 4427 941 4489 (5)
954 4422 1033 4479 liobr,
1044 4422 1090 4485 Vl,
1101 4427 1126 4484 1,
1140 4426 1166 4474 6.

233 4501 255 4540 rt
282 4494 409 4556 liseresis,
428 4491 523 4541 debore
550 4508 603 4540 osse
620 4491 785 4543 deliberatum
803 4502 829 4544 et
902 4492 940 4558 (6)
961 4489 1027 4540 lbid.
1042 4490 1075 4550 x,
1089 4493 1200 4540 26—5l.

234 4561 383 4623 pertinacem
401 4562 428 4610 in
448 4560 552 4609 materia
570 4557 639 4608 fidei.
902 4558 940 4629 (7)
955 4557 1034 4626 Epist.
1048 4557 1102 4622 Lll,
1121 4556 1163 4608 ed.
1176 4555 1259 4608 Maur.
1272 4571 1331 4624 pag.
1346 4558 1390 4606 75.

263 4630 296 4695 (1)
315 4628 391 4680 Cone.
415 4628 526 4678 lateran.
549 4631 575 4689 1,
602 4627 628 4677 in
648 4641 706 4692 cap.
733 4624 828 4676 Firmi·
