3700 5659
765 493 860 540 CAPUT
881 496 922 539 Vl.
1396 487 1435 548 83

215 585 323 650 eliam
339 583 371 646 in
387 583 550 646 voluntatis
576 582 722 664 obsequio
750 583 832 662 sita,
874 585 923 648 ius
938 586 1088 670 praecepti
1103 587 1264 652 violatione
1280 610 1312 654 se
1326 611 1395 656 reos
1410 613 1479 658 con·

217 669 435 749 omnibusque
449 667 622 748 christianis
639 667 751 730 dictum
773 668 831 730 sit:
874 670 1000 732 stituere
1020 674 1050 732 ιο
1068 692 1195 752 omnes,
1218 676 1270 756 qui
1305 676 1481 744 directionis

217 757 261 818 Si
280 756 329 817 vic
347 755 387 816 od
399 754 494 815 uitam
507 753 628 832 ingredi
641 770 726 814 cerea
746 772 834 816 mun·
874 773 951 816 onus
970 755 1099 817 assecuti
1118 776 1154 820 ea
1172 760 1271 822 media
1286 765 1479 844 praetermit-

215 836 832 919 data;hinclacilevidetuuusquisque,
876 846 959 914 tunt,
981 837 1091 919 quibus
1130 842 1185 904 hac
1215 852 1274 906 tarn
1308 849 1478 910 necessaria

217 924 339 986 eodem
359 931 538 1002 praecepto,
566 940 627 1001 quo
645 919 684 982 ad
701 920 834 1000 decalogi
874 921 1000 984 scientia
1019 924 1216 1005 erudiantur,
1251 929 1378 1012 eiusque
1397 931 1478 1008 gravi

220 1006 455 1069 observantiam
473 1023 578 1067 omues
595 1003 832 1084 adstringuntur,
874 1005 1043 1085 ignorantia
1061 1009 1209 1072 laborant.

218 1089 380 1167 obstringi
398 1089 435 1152 ad
449 1089 481 1150 id
499 1108 632 1170 quoque,
650 1097 683 1150 ιιι
700 1089 766 1151 eius
786 1090 834 1152 di·
917 1091 990 1169 3to.
1008 1091 1040 1151 ⁶2⁰
1058 1091 1199 1156 Parentes
1215 1113 1327 1177 eosque
1351 1118 1477 1178 ornnes,

220 1177 372 1238 stinctam
392 1174 529 1235 notitiam
545 1173 604 1234 sibi
632 1182 833 1254 comparenl;
875 1174 927 1253 qui
946 1194 1055 1256 pueros
1075 1176 1232 1240 instituere
1251 1180 1379 1257 debent,
1402 1184 1427 1244 si
1449 1183 1478 1244 in

218 1280 297 1321 cum
319 1278 414 1320 unum
445 1259 510 1320 sine
541 1258 636 1320 altero
660 1276 727 1320 esse
752 1259 835 1320 nullo
875 1260 956 1334 gravi
996 1260 1129 1322 muneris
1170 1263 1261 1326 huius
1299 1267 1478 1344 negligentia

221 1345 323 1406 modo
344 1342 460 1424 possit,
479 1343 633 1422 idemque,
657 1361 693 1403 ιιι
708 1342 836 1424 paritate
875 1351 1042 1421 versantur,
1064 1345 1110 1406 vel
1129 1345 1253 1426 saltem,
1274 1347 1300 1410 si
1320 1369 1372 1431 per
1399 1370 1431 1412 se
1450 1351 1478 1414 ιιι

220 1428 376 1504 rationis,
400 1426 559 1488 dicendum
578 1445 645 1489 esse
663 1425 699 1488 de
728 1445 835 1490 neces·
876 1427 993 1490 efficere
1018 1447 1078 1494 non
1104 1430 1242 1510 valeant,
1264 1433 1391 1496 aliorum
1412 1435 1479 1497 ido-

219 1514 323 1575 sitate
340 1510 497 1588 discendi,
527 1529 606 1590 quae
631 1510 782 1590 pertinent
798 1510 837 1574 ad
876 1527 1002 1573 neorum
1018 1511 1234 1578 instructorum
1253 1536 1343 1599 opera
1363 1538 1421 1580 non
1441 1540 1480 1582 u-

220 1618 263 1658 ea
292 1603 505 1669 sacramenta,
536 1603 666 1674 quorum
684 1594 835 1677 susceptio
876 1602 990 1657 tuntur.

221 1678 579 1760 omnibuspraecipitur.
917 1679 990 1740 alt.
1013 1680 1045 1742 3⁰
1073 1679 1279 1746 Confessarios
1299 1704 1403 1750 omnes
1422 1687 1480 1750 ab·

270 1767 350 1828 338.
373 1763 471 1825 Facile
502 1762 592 1824 etiam
618 1761 719 1823 exbis
738 1781 835 1824 nnus·
874 1762 1034 1826 solutionis
1068 1764 1246 1830 berresrcium
1275 1769 1481 1851 impertientes

222 1851 366 1930 quisque
380 1846 529 1924 intelligit,
550 1846 736 1924 distinctam,
758 1865 836 1927 quae
875 1845 925 1922 iis,
946 1847 997 1928 qui
1016 1848 1067 1910 tali
1086 1850 1229 1930 culpabili
1248 1853 1415 1929 ignorantia
1433 1857 1480 1918 la-

225 1934 430 2015 praecipitur,
447 1932 554 1992 harum
570 1930 772 1992 doctrinarum
784 1950 837 1992 no·
877 1930 994 2010 borant,
1016 1951 1146 1996 neceam
1164 1933 1314 2016 depellere
1330 1939 1478 2002 nituntur.

226 2019 331 2080 titiam
352 2036 412 2078 non
435 2034 501 2077 esse
520 2015 678 2076 verborum
698 2022 834 2093 tantum,
875 2012 940 2085 Quo
960 2025 1073 2096 spectat
1092 2018 1258 2101 proscripta
1276 2021 1313 2082 ab
1330 2021 1479 2084 innocen-

224 2104 282 2164 sed
295 2103 433 2182 ipsarum
452 2099 612 2179 praecipue
630 2117 742 2177 rerum,
759 2117 837 2180 quae
878 2098 917 2160 tio
936 2097 973 2160 XI
984 2099 1189 2182 propositio...
1207 2104 1480 2170 Absolutionem·

227 2187 335 2248 verbis
364 2184 569 2246 includuntur.
593 2181 733 2254 Quamvis
756 2183 836 2244 enim
874 2199 937 2262 pan
953 2193 995 2246 ιιι
1025 2186 1130 2264 tomo,
1156 2190 1348 2264 quantumuis
1369 2193 1481 2255 tentaret

227 2270 441 2332 ecclesiastico
467 2277 625 2349 praecepto
657 2285 762 2330 omnes
788 2267 839 2330 in·
878 2267 1057 2348 ianoruntio
1074 2272 1286 2350 mysteriorum
1300 2274 1381 2353 fidei,
1398 2284 1480 2338 etet·

229 2355 367 2417 beantur
396 2371 572 2414 communes
600 2370 652 2413 eas
680 2351 837 2430 formulas,
878 2352 1480 2440 tamsipernepttpenrremeriamempe-

230 2459 314 2519 quae
328 2437 464 2500 omnium
477 2455 529 2498 ore
537 2444 686 2513 teruntur,
698 2433 837 2516 symboli,
879 2435 965 2498 bitem
986 2439 1094 2500 nesciet
1110 2441 1285 2518 mysterium
1302 2441 1355 2506 SS.
1378 2445 1479 2506 Trini-

233 2523 384 2587 orationis
412 2520 586 2584 Dominicae
618 2539 652 2581 ac
681 2518 836 2598 decalogi,
879 2519 950 2582 totis
959 2530 985 2583 et
1000 2523 1227 2586 incarnationis
1237 2527 1272 2587 D.
1284 2529 1321 2590 N.
1336 2527 1360 2588 Ι.
1375 2529 1479 2610 ιλιι),

234 2606 386 2670 memoria
404 2615 525 2681 tenere,
544 2622 604 2666 non
623 2612 722 2665 tamen
740 2603 838 2666 divino
879 2622 935 2666 ιιιο
953 2625 1012 2666 non
1032 2607 1206 2683 gravissima
1224 2610 1315 2672 verba
1333 2631 1409 2691 quae
1427 2615 1483 2673 lra-

236 2699 398 2774 praecepto
418 2687 617 2766 satisfaciunt,
638 2687 697 2749 nisi
714 2687 767 2768 qui
780 2687 841 2748 sin·
880 2687 931 2749 bel
949 2687 1129 2754 Benedictus
1144 2689 1207 2753 XIV
1226 2693 1257 2754 in
1276 2696 1397 2756 constit.
1420 2699 1484 2760 Etsi

235 2777 375 2852 gularum
391 2792 511 2838 sensum
531 2792 584 2854 pro
603 2771 841 2853 uniuscuiusque
878 2773 1024 2836 minime:
1048 2775 1171 2838 Crerobit
1191 2778 1360 2857 episcopas,
1380 2790 1415 2841 ιιι
1431 2799 1483 2844 ιιι-

242 2860 482 2940 capacitatem,
516 2856 769 2936 quemadmodum
791 2856 840 2916 di·
879 2858 991 2934 cardos,
1008 2858 1154 2937 corripiens
1168 2862 1483 2944 commemorantium

241 2952 317 3006 ctum
347 2952 414 3020 ιιι,
447 2941 548 3022 quoad
574 2940 772 3002 substantiam
800 2939 841 3001 ita
880 2939 958 3003 ittera
994 2943 1203 3024 immotumque
1241 2946 1343 3008 antimo
1379 2949 1483 3010 balent

238 3027 431 3109 percipiunt,
459 3033 492 3088 ut
512 3044 564 3088 eas
580 3024 718 3088 veritates
736 3023 841 3102 cogni·
879 3041 1005 3106 semper,
1016 3028 1183 3090 inualidum
1199 3046 1259 3091 esee
1270 3032 1482 3094 abrotntionem

238 3122 283 3174 tas
302 3111 419 3174 habere
439 3129 475 3172 ao
499 3117 669 3192 perspectas
696 3107 843 3170 veredici
880 3113 1135 3189 sacramentalem,
1148 3131 1237 3192 quom
1250 3116 1315 3192 quir
1330 3116 1486 3196 ignoranti

237 3196 366 3276 possint.
385 3193 477 3258 Cuius
493 3193 617 3256 reilicet
633 3200 841 3272 argumentum
881 3212 928 3256 res
944 3197 1125 3260 necessarias
1139 3198 1307 3261 necersitnte
1321 3202 1409 3262 medii
1424 3203 1484 3263 im.-

236 3299 348 3361 capere
365 3298 400 3342 ex
418 3277 621 3350 sollicitudine
639 3277 692 3340 illa
709 3296 768 3358 qua
795 3295 844 3340 ιο-
877 3280 1021 3358 partitur,
1042 3298 1095 3344 neo
1108 3299 1193 3361 posse
1210 3283 1342 3346 leontinae
1361 3285 1419 3346 Dee
1429 3303 1485 3365 per

236 3365 333 3426 etesia
352 3373 412 3425 tam
431 3381 520 3444 saepe
538 3361 659 3424 mandat
673 3361 842 3424 animarum
882 3363 1053 3428 huiuamodi
1070 3375 1291 3428 sacramentam
1308 3370 1484 3432 reconcilia-

235 3448 423 3524 recloribus,
444 3454 477 3508 ut
494 3445 681 3508 haecomnia
698 3445 767 3508 fidei
780 3465 842 3508 mo·
882 3447 924 3524 ri,
948 3447 1011 3510 nisi
1026 3449 1132 3528 prius,
1151 3466 1274 3514 encoma
1292 3452 1381 3514 lenires
1400 3453 1486 3532 ipera-

235 3551 370 3613 rumqne
389 3530 486 3612 capita
507 3529 647 3592 fidelibus
665 3548 756 3592 curae
769 3548 843 3591 suae
882 3531 1003 3594 rantioe
1021 3533 1159 3612 caligine,
1180 3535 1218 3596 aa
1239 3537 1423 3615 agnitionem
1444 3539 1484 3615 fi·

235 3615 421 3679 concreditis
447 3633 507 3676 non
526 3614 615 3676 modo
634 3613 769 3694 tradant,
790 3613 844 3676 sed
881 3615 1119 3680 deteriorantur.
1134 3615 1483 3682 Sedatoetiomonimod-

237 3709 396 3781 praeterea
413 3699 560 3775 evolvant,
587 3698 767 3779 explanent,
787 3717 842 3760 eo·
881 3707 975 3762 rertet
993 3699 1199 3780 consecrarius,
1218 3701 1251 3762 in
1269 3702 1353 3766 aliud
1369 3712 1484 3782 temper

236 3804 370 3866 rumque
401 3782 502 3863 captui
532 3782 769 3844 accommodent.
790 3781 843 3844 Fi·
881 3782 1073 3846 reiiciendnm
1090 3801 1150 3848 esse
1165 3785 1374 3850 absolutionem
1389 3788 1482 3862 illim,

237 3869 322 3931 deles
342 3887 411 3931 vero
422 3867 614 3930 vehementer
630 3867 789 3944 bortatur,
810 3875 843 3928 ιιι
881 3867 934 3945 qni
960 3869 1126 3932 necessaria
1149 3870 1317 3932 necessitate
1337 3882 1483 3952 praecepte

236 3963 395 4032 pastorum
436 3969 561 4013 suorum
593 3947 842 4030 instructionibus
880 3968 937 4012 eoo
963 3952 1036 4016 uitio
1063 3952 1175 4026 nescim
1203 3962 1228 4016 ιι
1260 3973 1292 4018 eo
1310 3955 1485 4036 quandoque

235 4037 345 4098 sedulo
367 4034 583 4116 diligenterque
608 4033 747 4097 intersint
758 4031 819 4113 (ι).
881 4051 952 4096 coen
967 4037 1161 4114 poenitentem
1181 4037 1291 4100 ateotoi
1304 4057 1404 4119 poree,
1427 4059 1485 4118 qno

281 4123 357 4184 339.
377 4118 492 4182 Exinde
505 4119 667 4198 colligitur,
686 4118 766 4195 gravi
782 4118 842 4180 hu·
879 4136 910 4180 ee
925 4119 1075 4185 uincibilia
1093 4120 1183 4184 baim
1201 4122 1390 4204 ignorantiae
1401 4142 1484 4188 reem

271 4304 431 4371 (eleatem.
445 4299 517 4354 Rom.
536 4299 563 4353 in
595 4300 657 4354 raes.
677 4317 704 4353 n.
720 4303 762 4363 td,
775 4298 843 4352 inter
882 4309 982 4352 ιιιιιιιιιι
1001 4303 1102 4370 generis
1123 4301 1239 4354 immines
1257 4303 1315 4356 lidei
1333 4323 1393 4356 ιιιιιι
1412 4321 1482 4356 cerver-

236 4371 404 4424 ceterabeec
423 4370 547 4422 babela«
599 4365 724 4420 servanda
742 4375 779 4419 ιιι
796 4385 842 4418 eu·
881 4369 969 4418 missos
998 4387 1075 4431 esse,
1102 4369 1261 4434 arbitretur,
1281 4381 1311 4424 ut
1329 4376 1484 4440 praescripta

238 4438 368 4492 dirntium
386 4446 465 4500 ecles,
478 4437 629 4506 ingenium,
647 4453 741 4498 mores,
752 4433 840 4488 condi·
880 4435 990 4506 quadem
1007 4447 1033 4490 et
1045 4446 1114 4490 certa
1129 4437 1238 4490 docendi
1257 4440 1365 4490 termula
1377 4441 1484 4491 ermdire

238 4507 286 4568 tio,
310 4516 351 4570 ut,
371 4507 415 4574 qui
427 4503 536 4558 docendi
549 4521 644 4557 mutius
668 4513 771 4556 exercet
780 4540 793 4566 ,Δ
814 4521 841 4555 o·
879 4513 956 4572 etque
970 4507 1002 4555 ml
1016 4521 1103 4558 vemm
1117 4506 1237 4572 pietatem
1250 4509 1384 4559 instituere
1402 4509 1485 4576 aequo

238 4577 307 4624 ninia
326 4573 446 4634 omuibus
470 4572 613 4636 efficiatur,
642 4581 670 4624 ut
698 4581 724 4622 et
754 4587 841 4622 ornnes
879 4589 967 4624 omnes
984 4570 1175 4642 fidelespossit,
1193 4583 1243 4624 elo.

239 4642 342 4695 Christo
361 4641 540 4695 lucrifaciat...
556 4639 645 4711 Neque
662 4656 745 4705 vero,
764 4640 841 4692 unlus
914 4640 952 4710 (ι)
970 4639 1042 4707 Quae
1060 4649 1097 4694 ιιι
1109 4657 1211 4711 propos.
1225 4645 1268 4694 ιι.
