3700 5659
424 508 484 567 llll
944 518 982 562 nc
1000 517 1067 560 rior

383 615 454 675 alibi
474 631 563 693 saepe
590 610 668 672 idem
701 608 830 672 inculcat
864 627 889 671 s.
918 607 980 670 Do·
1019 625 1137 770 dwmddm
1160 608 1248 670 etiam
1280 626 1330 671 ore
1361 612 1562 690 profiteamur
1582 617 1617 694 fi-

383 708 448 759 otor
481 699 492 756 l
518 742 524 756 .
1041 710 1084 753 cm
1110 695 1154 770 ⁶).
1366 739 1370 750 .

425 698 512 842 aab.)
520 777 576 840 Sed
592 785 746 860 praeterea
765 776 794 837 id
812 777 908 858 ipsum
925 776 981 837 ad·
1062 775 1135 835 tta.
1158 775 1198 836 Ex
1228 775 1275 836 bis
1295 795 1421 856 pronum
1448 787 1494 840 est
1513 779 1615 844 inlerre

383 865 510 927 struitur
521 882 555 925 ex
573 861 637 942 ipsa
655 861 699 922 rei
712 870 829 921 natura:
847 860 944 922 omitti
955 879 983 922 e·
1023 858 1116 919 teneri
1140 859 1336 920 christianum
1364 860 1401 919 ad
1430 862 1521 922 tidem
1540 883 1617 928 suam

383 949 445 1010 nim
466 946 571 1028 nequit
588 945 639 1006 illa
668 945 816 1006 consessio
845 945 910 1005 sine
931 943 981 1004 Dei
1021 950 1123 1021 aperte
1138 943 1347 1022 profitendam,
1368 962 1436 1005 cum
1465 947 1546 1025 apud
1566 969 1618 1028 pu-

383 1040 571 1111 contemptu,
592 1029 744 1090 eumelus
776 1029 872 1088 bonor
899 1027 980 1088 illam
1022 1025 1131 1086 blicum
1150 1027 1354 1103 magistratum
1379 1030 1563 1091 constitutus
1588 1033 1618 1096 de

383 1116 490 1192 exigit:
511 1114 580 1175 binc
602 1113 713 1192 optime
745 1122 851 1173 auctor
875 1109 981 1191 Operis
1021 1109 1141 1188 propria
1159 1111 1303 1188 religione
1332 1111 1555 1192 interrogetur,
1576 1126 1617 1178 et-

384 1198 551 1280 lmperlecti
570 1198 599 1257 in
618 1195 745 1256 Maron:
775 1196 843 1258 Non
860 1196 978 1272 coliem,
1020 1193 1106 1253 iamsi
1127 1203 1208 1254 certa
1226 1213 1307 1255 mors
1326 1194 1395 1256 inde
1410 1206 1491 1256 esset
1508 1217 1618 1278 sequu-

383 1283 496 1364 inquit,
517 1283 567 1343 ille
590 1281 730 1360 proditor
759 1287 800 1340 est
832 1279 978 1353 ocritutt'a,
1022 1286 1099 1336 tura.
1117 1277 1178 1338 lloc
1197 1277 1276 1338 enim
1296 1277 1325 1337 in
1346 1297 1415 1340 casu
1435 1281 1619 1362 quicumque

383 1369 446 1446 qui,
468 1364 864 1444 transgrediensveritatem,
880 1363 979 1440 polum
1021 1359 1109 1420 debet
1126 1369 1228 1440 aperta
1241 1379 1312 1422 voce
1326 1380 1358 1422 se
1377 1364 1578 1428 christianum
1593 1376 1619 1428 et

382 1447 980 1526 mendaciornproomtrootoqottoaseo
1020 1445 1200 1504 catholicum
1225 1463 1291 1506 esse
1309 1446 1462 1522 confiteri,
1486 1450 1619 1528 velleque

384 1531 980 1609 ammitte,qainonlibcreprononoiot
998 1576 1000 1605 ,
1020 1546 1052 1588 se
1071 1528 1102 1587 in
1127 1528 1290 1589 christiana
1323 1537 1352 1590 et
1383 1531 1536 1592 catholica
1567 1535 1620 1595 lide

383 1618 549 1678 veritatem.
568 1613 651 1676 Tunc
667 1631 736 1673 vero
750 1621 889 1673 censetur
910 1612 981 1673 snb·
998 1616 1000 1662 l
1020 1629 1206 1690 permanare.
1227 1611 1368 1694 Alioquin
1388 1613 1490 1674 debito
1505 1617 1627 1680 honoret

384 1699 489 1761 tractio
508 1698 596 1759 divini
614 1696 748 1773 bonoriS,
764 1714 830 1756 cum
844 1697 912 1776 quis
929 1715 981 1755 no·
998 1706 1000 1754 t
1020 1694 1098 1756 Deus
1112 1695 1311 1772 fraudaretur,
1329 1705 1418 1777 atque
1435 1716 1526 1774 grave
1539 1719 1622 1762 scan-

383 1785 417 1846 lit
431 1782 566 1844 confiteri
584 1781 671 1841 fidem
688 1781 766 1860 apud
784 1780 931 1851 infideles,
952 1789 980 1841 et
998 1763 1000 1837 l
1020 1777 1119 1839 olalum
1139 1779 1167 1838 in
1189 1778 1375 1840 adstantibus
1392 1781 1537 1856 oriretur,
1556 1803 1621 1846 cum

383 1887 418 1930 ex
437 1886 497 1947 qua
516 1865 678 1927 omissione
704 1864 895 1924 imminuitur
921 1883 979 1924 no·
998 1859 1000 1950 l
1019 1861 1170 1923 silentium
1197 1863 1227 1922 in
1258 1863 1305 1924 bis
1338 1864 1488 1926 adiunctis
1517 1867 1622 1929 baberi

382 1951 514 2013 labiliter
532 1948 711 2011 existimatio
734 1947 858 2024 debeo,
882 1948 979 2008 uelde
998 1951 1000 2016 l
1021 1955 1120 2024 posset
1138 1955 1313 2020 argumento
1328 1957 1450 2022 negatae
1469 1949 1554 2026 fidei,
1577 1954 1619 2014 vel

383 2036 440 2096 fide
459 2043 487 2096 et
505 2034 650 2110 religione
669 2032 746 2092 eius:
768 2050 835 2092 nam
856 2039 928 2091 tnnc
940 2031 979 2091 il·
997 2034 1000 2080 l
1020 2030 1124 2090 saltem
1145 2030 1305 2091 admodum
1333 2031 1468 2093 infirmae
1497 2042 1528 2095 et
1555 2055 1620 2096 mor
1671 2059 1672 2086 1

381 2119 434 2179 lud
447 2116 737 2198 imputaturbomini
752 2134 811 2176 non
827 2115 979 2176 confitenti
997 2090 1000 2181 l
1020 2113 1182 2192 periturae.
1203 2113 1305 2194 Neque
1331 2113 1361 2174 id
1391 2117 1490 2177 solum
1519 2136 1620 2180 coram

382 2204 471 2263 tidem
492 2209 632 2280 tanquam
655 2200 843 2259 subtrahenti
862 2207 980 2260 contra·
997 2188 1000 2336 Ι
1020 2205 1165 2274 potestate
1176 2198 1318 2276 legitima,
1338 2197 1390 2258 scd
1408 2200 1499 2261 etiam
1520 2221 1620 2264 coram
1671 2247 1672 2253 κ

380 2287 425 2346 rie
441 2286 584 2345 bonorem
605 2284 676 2343 Deo.
709 2281 757 2342 Sic
778 2283 889 2361 pariter
906 2300 978 2343 cen-

1020 2281 1182 2357 tpranniea,
1204 2299 1259 2341 nec
1277 2283 1470 2360 competenti3
1491 2290 1564 2346 cu'm
1583 2297 1621 2348 ta·
1668 2297 1672 2351 l

381 2367 507 2430 seturid
525 2367 708 2441 contingere,
728 2384 795 2425 curn
820 2365 887 2445 quis
902 2367 979 2426 banc
1019 2364 1056 2423 lis
1073 2363 1214 2440 obligatio
1244 2375 1384 2426 nascatur
1412 2386 1471 2427 non
1505 2379 1619 2430 tantum
1671 2372 1672 2383 ³

381 2452 451 2514 fidei
466 2450 683 2512 confessionem
708 2449 834 2524 omittit,
855 2467 890 2510 en
919 2468 978 2529 qua
1019 2465 1053 2507 ex
1071 2447 1137 2508 iure
1156 2447 1332 2526 superioris,
1349 2459 1497 2530 quantum
1517 2472 1556 2514 ex
1571 2456 1621 2515 de·
1671 2456 1672 2505 ἶ

382 2554 507 2613 magnus
526 2534 622 2593 honor
639 2541 669 2593 et
682 2532 776 2608 gloria
795 2531 855 2594 [leo
874 2551 978 2594 acore·
1020 2530 1080 2590 bito
1111 2531 1279 2612 praestandi
1313 2531 1373 2593 Deo
1413 2538 1619 2598 necessarium
1671 2583 1672 2587 ,

381 2628 489 2696 sceret,
506 2626 535 2679 et
548 2637 607 2698 qua
621 2616 737 2678 delectu
750 2615 897 2677 eiusmodi
908 2635 979 2677 con·
1018 2613 1213 2694 obsequium,
1234 2615 1360 2695 eiusque
1379 2619 1537 2693 religionis
1568 2623 1620 2682 bo-

381 2702 520 2764 lessionis
539 2696 672 2782 privatur
688 2700 748 2780 (⁶3).
1018 2716 1121 2758 norem
1152 2707 1296 2777 quantum
1318 2699 1381 2760 fieri
1408 2711 1526 2792 potest,
1552 2725 1621 2785 pro·
1671 2735 1673 2804 q

423 2787 497 2847 ill.
518 2783 602 2856 Quod
620 2803 690 2845 uero
716 2783 822 2844 attinet
844 2783 881 2845 ad
909 2803 979 2866 pro·
1018 2781 1166 2842 movendi.

380 2871 452 2931 nimi
469 2869 639 2945 utilitatem,
663 2885 733 2929 reus
748 2868 798 2929 bet
817 2886 870 2948 per
887 2869 978 2928 omis·
1059 2865 1132 2926 tta.
1167 2864 1212 2925 An
1238 2884 1308 2928 vero
1339 2867 1442 2930 eadem
1477 2871 1621 2948 obligatio

381 2956 496 3016 sionem
516 2952 714 3014 confessionis
747 2951 839 3026 lidei,
867 2952 892 3011 si
925 2953 977 3014 illa
1019 2957 1121 3026 urgeat
1143 2947 1168 3009 si
1192 2949 1258 3030 quis
1284 2951 1486 3030 interrogetur
1516 2975 1622 3036 aper·

381 3037 529 3098 consessio
552 3035 721 3096 necessaria
746 3035 914 3111 habeatur,
940 3055 977 3096 ne
1001 3051 1091 3111 ‚sona
1099 3033 1221 3113 privata,
1231 3053 1405 3096 nonornnes
1416 3041 1620 3116 consentiunt,

380 3121 431 3180 alii
446 3121 549 3180 fideles
571 3118 773 3179 inconstantes
791 3117 862 3194 sint,
875 3119 979 3179 etan·
1018 3135 1085 3176 cum
1106 3115 1173 3196 quis
1193 3117 1319 3179 evadere
1332 3120 1426 3200 possit
1438 3125 1624 3201 responden·
1674 3189 1675 3198 ,

381 3204 417 3264 de
437 3203 587 3278 deficiant,
608 3211 660 3263 aut
682 3201 770 3262 etiam
807 3202 832 3260 si
862 3220 895 3262 en
927 3203 978 3262 tali
1019 3200 1068 3260 do:
1090 3198 1167 3270 Quid
1182 3200 1219 3261 ad
1240 3201 1285 3262 te?
1303 3201 1500 3266 Consentiunt
1522 3215 1621 3270 tamen

382 3287 571 3348 confessione
585 3284 721 3346 infideles
731 3284 931 3346 excitarentur
941 3285 979 3346 ad
1019 3302 1123 3344 omnes
1151 3283 1364 3360 obligationem
1388 3287 1516 3365 adesse,
1538 3291 1566 3352 si
1590 3311 1622 3353 ea
1674 3285 1675 3290 ’

379 3369 617 3445 conversionem,
637 3376 689 3430 aut
719 3367 849 3447 denique
876 3369 978 3430 fideles
1019 3375 1176 3428 occurrant
1194 3367 1355 3444 adiuncta,
1386 3371 1416 3430 in
1442 3373 1559 3452 quibus
1580 3377 1622 3436 si-

378 3454 546 3532 indigcrent
564 3453 615 3514 illa
639 3451 849 3528 contessione,
872 3462 905 3513 ut
921 3453 978 3514 side
1019 3451 1142 3512 lentium
1170 3452 1214 3512 vel
1242 3452 1441 3514 dissimulatio
1472 3475 1621 3535 personae

379 3539 611 3600 instruerentur.
629 3535 692 3598 Uno
704 3537 807 3614 verbo,
824 3536 912 3597 toties
928 3555 980 3597 ne·
1019 3534 1224 3614 interpellatae
1242 3536 1328 3597 cedat
1356 3537 1385 3596 in
1416 3557 1536 3614 gravem
1571 3542 1621 3602 Dei

378 3622 511 3683 cessaria
539 3630 679 3682 censetur
710 3619 778 3680 fidei
811 3620 976 3697 confessio,
1020 3618 1255 3694 contumeliam,
1291 3619 1445 3696 religionis
1479 3634 1621 3686 contem·
1657 3679 1661 3688 .

304 3763 308 3770 .
381 3706 501 3786 quoties
519 3705 670 3766 Ecclesiae
689 3703 804 3764 utilitas
825 3704 905 3764 illam
925 3723 978 3765 ex·
1018 3711 1114 3782 ptum,
1145 3701 1190 3762 vel
1224 3703 1426 3781 proximorum
1458 3705 1623 3769 detrimen·

380 3790 488 3869 poscit3
508 3789 577 3849 hinc
595 3807 622 3849 s.
640 3787 825 3866 Augustinus
842 3786 979 3849 absolute
1019 3793 1094 3846 tum.
1115 3783 1268 3864 Siquidem
1287 3785 1374 3848 docet
1390 3807 1415 3848 a.
1433 3787 1580 3866 Thomas,
1594 3793 1621 3852 in

378 3872 572 3951 pronunciat:
610 3872 693 3934 Soloi
711 3888 847 3932 essenon
870 3889 978 3950 posso-
1019 3888 1090 3931 casu
1106 3869 1305 3946 necessitatis,
1330 3871 1381 3942 nbi
1398 3873 1471 3934 tides
1497 3875 1622 3955 pericli·

377 3973 456 4032 maara,
477 3957 536 4016 nisi
557 3963 584 4018 et
603 3973 657 4016 noa
674 3957 713 4016 od
730 3955 852 4017 solutam
871 3957 980 4033 protei-
1020 3961 1099 4015 tatur
1128 3952 1222 4013 teneri
1251 3972 1499 4036 unumquemque
1530 3959 1623 4020 fidem

411 4166 495 4234 lllUt
514 4167 698 4220 inlibOonlr.
717 4173 878 4218 menducium.
1019 4167 1143 4218 cntionem
1170 4164 1292 4233 abrupit,
1320 4183 1352 4218 ne
1380 4185 1426 4220 sua
1455 4171 1624 4224 conversione
1673 4193 1674 4224 ;

411 4237 450 4302 (2)
469 4234 591 4302 Excrnplo
609 4237 640 4286 sit
665 4235 836 4295 Lcibnitziua,
854 4235 898 4301 qui
917 4253 979 4304 pro·
1019 4241 1202 4288 nocumentum
1227 4235 1387 4302 principibus
1412 4239 1465 4288 suis
1482 4239 1625 4290 Hannove-

335 4349 338 4355 .
377 4303 444 4354 l'ccto
462 4302 612 4353 catholicam
632 4303 763 4353 veritatem
782 4304 895 4370 agnouit,
913 4321 979 4354 cern·
1019 4305 1087 4353 rania
1105 4302 1217 4361 altercer,
1236 4301 1280 4368 qui
1299 4305 1422 4370 assumpti
1439 4316 1511 4358 orarit
1522 4307 1554 4356 od
1572 4311 1626 4358 Aa·

376 4387 428 4437 quc
447 4371 586 4420 incelebri
610 4387 656 4420 suo
684 4373 816 4431 Syslemute
834 4373 979 4434 theologico,
1019 4373 1084 4436 gline
1115 4371 1246 4419 tbronunr.
1269 4368 1309 4419 Cl.
1334 4367 1439 4424 Oenones
1455 4377 1482 4422 de
1499 4373 1624 4434 Boasuet,

376 4438 624 4504 rtavilerrxposuil‚
643 4454 851 4505 quumquccum
870 4438 979 4489 llossue-
1020 4450 1080 4488 totu.
1099 4441 1142 4496 25,
1163 4451 1221 4502 pag.
1251 4439 1393 4504 l70,seq.
1414 4438 1555 4490 Recuer'lde
1575 4446 1625 4491 itia·

377 4508 412 4554 tio
432 4506 464 4555 de
483 4505 529 4553 linc
561 4507 661 4565 nogotio
689 4507 768 4570 egerit
795 4517 819 4553 at
838 4507 887 4555 iam
906 4507 931 4555 in
950 4523 980 4556 eo
1019 4507 1149 4555 certatione
1165 4507 1187 4551 et
1201 4506 1281 4551 lettres
1298 4505 1433 4568 crtrttpoodea
1449 4512 1510 4558 deae
1526 4509 1552 4557 lo
1578 4525 1625 4559 oue

376 4582 451 4633 esset,
476 4581 505 4622 ut
522 4574 654 4623 veritatem
673 4574 823 4624 cntbnliram
841 4575 979 4640 amplecto·
1019 4577 1047 4624 de
1062 4572 1148 4620 reniet'r
1160 4572 1359 4633 leeproteslonla,
1371 4577 1415 4623 etc.

376 4649 464 4701 retur,
491 4640 560 4690 illico
577 4657 676 4692 omnem
695 4657 754 4691 cum
772 4641 816 4692 illo
833 4643 979 4693 communi·
1052 4641 1090 4707 (3)
1104 4642 1187 4689 Serru.
1206 4637 1242 4687 De
1259 4640 1432 4708 niteatque.
