3700 5659
428 532 492 596 268
916 542 955 586 uu
971 541 1115 589 contrane

380 643 419 706 ttt
435 642 489 704 lib.
510 657 541 704 tv
558 646 654 702 contr.
681 636 786 700 lulian.
803 655 869 718 cap.
889 653 932 713 111,
948 655 980 696 n.
1021 636 1179 700 habituali.
1199 637 1335 719 Accedit,
1356 649 1453 724 patres
1469 643 1595 714 interdum

381 726 442 788 ut:
467 725 617 804 Quidquid
636 724 705 786 boni
730 723 764 803 tit
785 721 980 796 abdomine,
1021 721 1152 784 caritatis
1160 742 1263 786 uocem
1271 724 1431 807 improprie
1439 746 1472 788 ac
1480 729 1532 792 lato
1544 752 1598 804 senff

380 819 409 874 et
428 827 489 871 non
502 817 623 887 propter
640 807 693 870 boa
710 807 756 886 pit,
769 813 889 884 propter
905 805 983 883 qnod
1021 823 1057 866 su
1077 825 1234 888 usurpare,
1260 817 1292 870 ut
1320 819 1485 872 constater
1508 832 1531 875 s.
1549 816 1597 892 du,

380 893 449 975 fieri
466 893 567 954 debere
580 908 650 953 cero
666 890 813 968 sapientia
825 888 980 967 praecipit,
1020 890 1151 967 guatino,
1173 891 1225 971 qui
1244 891 1275 952 in
1293 892 1398 954 codem
1416 893 1468 956 lib.
1484 898 1595 977 Deerat.

380 976 436 1040 etsi
451 975 543 1056 officio
559 976 696 1037 oideotnr
707 976 827 1047 bonnm,
847 972 909 1050 ipro
920 989 982 1033 aon
1023 981 1051 1034 et
1066 973 1117 1035 lib.
1134 977 1243 1037 arbitr.
1260 993 1326 1056 cap.
1338 994 1408 1049 nvn,
1426 997 1455 1038 n.
1472 978 1518 1052 ut,
1531 1000 1598 1060 prae

381 1069 459 1123 recto
473 1061 532 1139 fine
549 1066 699 1137 peccatum
716 1065 768 1118 cat.
786 1053 842 1126 Oui
862 1054 930 1116 linis
948 1073 983 1116 ex
1023 1055 1166 1119 miserat:
1187 1058 1235 1120 dd
1255 1061 1426 1123 Corinthios
1445 1071 1533 1124 autem
1547 1083 1596 1126 cnm

382 1161 408 1204 s.
441 1142 564 1204 doctore
595 1160 654 1202 non
685 1140 763 1203 alius
792 1147 838 1200 cst
866 1149 985 1219 praeter
1023 1141 1117 1203 dicit:
1149 1141 1260 1205 Omnia
1291 1153 1388 1206 oestro
1417 1162 1482 1207 ctam
1498 1148 1596 1209 caritate

383 1225 495 1288 honum
522 1235 693 1302 aeternum,
723 1224 915 1296 Creatorem,
938 1223 985 1283 vel
1024 1225 1098 1305 pant
1109 1247 1122 1297 ;
1150 1226 1224 1288 ratis
1249 1228 1398 1301 ostendit,
1434 1229 1518 1290 etiam
1539 1232 1597 1308 ipsas

381 1310 509 1390 pluriam
534 1310 599 1386 Dei,
620 1317 653 1369 ut
673 1310 738 1389 ipse
761 1306 872 1388 passim
892 1325 986 1386 expo·
1025 1309 1233 1388 correptiones,
1264 1327 1337 1387 anas
1360 1328 1478 1389 asperos
1493 1321 1517 1373 et
1532 1331 1595 1374 omn-

383 1393 439 1454 nit.
463 1394 558 1469 lingue
1026 1409 1078 1453 rot
1091 1394 1241 1467 sentiunt,
1255 1394 1308 1471 oui
1326 1395 1536 1472 corripiuntur,
1550 1414 1597 1458 can

425 1477 499 1538 atta.
521 1476 609 1556 Resp.
632 1473 671 1536 ad
698 1474 726 1534 l.
762 1473 797 1534 Β.
818 1471 986 1534 bonitatem
1026 1476 1150 1537 caritate
1163 1493 1224 1538 case
1235 1477 1400 1556 [aeternius.
1417 1476 1596 1539 Sicinterdun

386 1560 590 1621 omnimodam
619 1566 649 1618 ct
680 1556 893 1632 excellentiae,
930 1557 985 1633 C.;
1027 1557 1064 1620 de
1078 1559 1211 1622 caritatis
1231 1560 1409 1622 necessitate
1427 1569 1519 1642 patres
1533 1562 1597 1622 lacn·

386 1643 575 1723 simpliciter,
595 1641 633 1703 N.
656 1640 798 1702 diludunt
813 1639 893 1702 enim
914 1658 989 1700 nou·
1027 1649 1074 1703 tos
1091 1642 1195 1720 luisse,
1216 1651 1250 1705 ut
1276 1661 1367 1724 opera
1388 1644 1531 1706 meritoria
1547 1664 1597 1706 ena·

384 1727 458 1787 nulli
478 1735 577 1806 patres
597 1724 633 1785 al
654 1723 737 1785 Pauli
760 1724 850 1784 verba
868 1721 892 1784 l.
917 1722 985 1784 Cirr.
1027 1725 1109 1801 dant,
1130 1726 1239 1788 iterum
1264 1727 1396 1789 ostendit
1417 1727 1493 1790 idem
1510 1747 1531 1790 s.
1553 1729 1597 1789 du·

383 1828 433 1879 xn,
456 1812 510 1870 3l:
537 1810 642 1872 datm
658 1808 893 1872 excellentiorem
908 1808 989 1872 mum
1026 1809 1176 1886 gustinus,
1197 1810 1250 1889 qai
1266 1810 1379 1890 pariter
1398 1811 1429 1872 in
1447 1811 1600 1884 eudenloca,

384 1893 463 1956 vobis
493 1895 678 1964 demonstra·
711 1900 741 1954 et
759 1890 834 1954 ibid.
860 1907 924 1966 xuni,
947 1891 985 1951 3:
1028 1895 1071 1955 De
1086 1902 1166 1972 prat.
1186 1894 1315 1965 Ciristi,
1336 1913 1403 1976 cap.
1425 1912 1504 1972 xant,
1522 1895 1599 1969 nil,

386 1977 580 2041 Sicoritotom
594 1995 654 2052 mon
667 1976 810 2051 debuero,
824 1975 900 2036 nibil
913 1975 990 2039 mibi
1028 1976 1150 2038 scribit:
1179 1978 1247 2039 Etsi
1275 1979 1366 2040 etiam
1386 1979 1440 2043 Dei
1456 1980 1598 2040 mandatnm

382 2063 514 2142 prodeat.
539 2058 616 2124 Sane
642 2078 668 2123 s.
695 2057 880 2135 Augustinus
894 2076 989 2138 prae·
1027 2061 1146 2122 uidetur·
1167 2062 1328 2140 aliqnando
1349 2079 1412 2124 non
1441 2062 1598 2140 odilipenti·

386 2144 524 2206 miserat:
548 2143 687 2208 armenti
715 2143 748 2204 in
766 2159 851 2218 cum,
872 2142 924 2220 aui
938 2142 989 2202 iu·
1029 2144 1092 2217 bns,
1110 2146 1161 2206 sed
1184 2162 1204 2206 o
1228 2145 1398 2207 timentibus
1416 2146 1501 2225 fieri;
1526 2154 1599 2206 taram

385 2231 493 2308 alitioot
511 2229 653 2306 impiam,
675 2235 834 2305 reputator
859 2226 931 2302 fides
952 2225 991 2288 od
1030 2228 1081 2290 ubi
1094 2245 1155 2288 non
1170 2236 1212 2290 est
1232 2229 1367 2304 dilectio,
1388 2230 1501 2291 nnllam
1516 2230 1598 2290 bonan

385 2309 558 2384 iustitiam,
578 2321 611 2374 ut
629 2311 733 2379 deinde
759 2311 824 2386 ipsa
845 2311 917 2388 fidas
934 2327 992 2387 per
1031 2329 1102 2389 opus
1119 2312 1298 2390 imputator,
1315 2330 1366 2374 nec
1384 2322 1461 2375 recte
1473 2313 1597 2374 montmo-

388 2392 570 2458 dilcatinnem
582 2394 705 2470 tricipini
718 2391 838 2471 operari
841 2415 852 2463 ;
866 2394 993 2470 mercip-
1030 2412 1087 2473 pus
1103 2404 1239 2470 oocotnr,
1258 2395 1288 2456 id
1310 2404 1356 2456 est
1372 2395 1556 2457 meritorium.
1594 2426 1601 2470 χ

388 2494 425 2555 pe
443 2477 612 2555 eolatopeao
634 2478 730 2552 tono,
758 2483 812 2537 etc,
832 2474 923 2548 Quod,
936 2495 992 2555 pa-.
1075 2478 1148 2538 295.
1169 2478 1214 2540 dd
1233 2479 1264 2540 3.
1285 2477 1481 2555 llenunciant,
1500 2478 1601 2544 bonac-¹

392 2559 465 2622 riter
482 2559 580 2627 elucet
594 2559 626 2622 in
645 2558 750 2634 verbu,
769 2575 828 2636 quo
858 2577 936 2622 usus.
948 2567 994 2623 est
1034 2560 1115 2622 mnia
1126 2561 1186 2622 lieo
1201 2580 1267 2623 esse
1281 2562 1449 2641 referenda,
1464 2565 1509 2625 ll:
1527 2560 1601 2641 idest,

393 2661 419 2706 s.
442 2641 610 2724 Bernartius
629 2642 827 2722 testificandi,
850 2641 931 2722 quod
949 2650 994 2709 est
1033 2644 1123 2706 abeo
1142 2654 1283 2725 tanquam
1313 2665 1331 2706 a
1359 2647 1443 2708 iente
1471 2654 1498 2707 et
1513 2643 1599 2719 origine

393 2726 429 2787 de
447 2727 523 2788 bono
537 2726 566 2791 in
577 2725 854 2806 mettuspmvchere
864 2725 923 2804 (l).
934 2725 995 2787 dd·
1033 2729 1280 2809 esserepetenda,
1294 2729 1343 2804 C.;
1353 2726 1598 2805 referendarum

391 2809 524 2884 ¹(lendum
545 2820 699 2890 practerea
722 2809 752 2868 l⁰
771 2828 788 2868 a
812 2808 899 2884 nubis
919 2828 993 2873 cou-
1034 2811 1229 2873 habitualiter
1245 2821 1275 2874 et
1292 2831 1327 2872 en
1344 2823 1430 2893 parte
1449 2812 1549 2894 operis,
1565 2811 1602 2883 da,

391 2893 456 2956 cedi
470 2893 747 2973 quidemmeritum
763 2891 840 2956 vitae
855 2900 995 2963 aeternae
1035 2895 1192 2956 actualiter
1205 2904 1257 2964 aut
1274 2897 1443 2959 virtualiter
1457 2915 1489 2958 ex
1503 2902 1569 2976 parte
1579 2894 1603 2977 οξ

391 2973 428 3040 du
447 2977 593 3054 cendigno
616 2995 682 3042 csse
711 2996 728 3038 a
757 2975 881 3042 caritate
905 2994 995 3055 repe·
1036 2978 1185 3056 peractis,
1218 2980 1258 3041 N.
1280 2978 1382 3040 Talem
1412 2999 1477 3042 csse
1498 2979 1602 3059 ipsorum

392 3061 536 3136 tendum,
568 3060 621 3142 sed
648 3060 696 3120 hia
726 3077 852 3138 quoque.
866 3059 993 3138 quaeri,
1035 3079 1158 3122 sensum
1175 3061 1207 3122 in
1222 3062 1318 3142 primu
1330 3063 1523 3124 distinctionis
1533 3076 1601 3120 men-

393 3162 466 3216 num
497 3144 626 3206 sufficiat
654 3141 763 3205 caritas
786 3141 949 3209 habitualis
965 3152 997 3209 ct
1037 3143 1091 3206 bro
1111 3163 1303 3224 expressum,
1328 3156 1410 3228 patet
1428 3166 1462 3209 ex
1478 3165 1501 3207 s.
1523 3142 1599 3206 Coele·

393 3225 531 3288 virtualis
550 3227 613 3300 ille,
632 3243 714 3303 ,quac
739 3232 785 3284 est
806 3243 840 3287 ex
858 3234 943 3304 parte
961 3245 996 3285 o·
1037 3227 1135 3303 stine,
1158 3228 1209 3307 qui
1228 3228 1339 3290 ibidem
1369 3229 1533 3291 immediate
1549 3223 1600 3286 sub-

393 3309 494 3390 peris3
515 3308 548 3384 2⁰
576 3325 698 3388 prorsus
716 3307 817 3384 nugari
839 3326 897 3384 ea,
919 3327 997 3387 quac
1037 3309 1097 3373 dit:
1122 3311 1200 3386 Ottio
1219 3330 1303 3374 nemo
1329 3313 1357 3390 ei
1388 3311 1600 3390 attandeptuot

392 3410 452 3457 uun
471 3399 551 3460 sunt¹
563 3393 606 3460 sic
626 3390 809 3466 meritoria,
833 3409 900 3459 csse
924 3410 995 3470 pcc·
1038 3395 1099 3463 nisi
1112 3412 1149 3458 ea
1161 3413 1194 3456 eo
1208 3398 1285 3474 qnod
1301 3396 1529 3475 ipscdonaoerit.
1543 3392 1604 3465 tter

391 3483 470 3548 cata,
482 3475 676 3548 autpullius¹
689 3473 807 3551 meriti,
830 3471 910 3554 quod
921 3494 998 3539 nuu-
1038 3496 1063 3538 s.
1079 3477 1235 3558 Prospero,
1251 3479 1363 3559 optimo
1375 3499 1402 3542 s.
1420 3475 1559 3557 Augustini
1570 3474 1601 3532 in-

394 3559 810 3640 quampptreaducucruut„
949 3617 952 3623 ,
985 3594 990 3623 t
1039 3569 1178 3640 terprete,
1193 3562 1245 3640 qui
1262 3563 1293 3622 in
1311 3581 1392 3644 resp.
1405 3565 1443 3625 ad
1459 3561 1539 3642 capit.
1552 3554 1604 3619 tat-¹

436 3643 509 3703 att.
531 3642 575 3703 Ad
595 3643 625 3702 ἓ.
643 3643 680 3716 Π.
701 3633 733 3701 ld
752 3649 807 3718 est,
829 3649 928 3722 patres
947 3641 996 3702 in·
1039 3644 1115 3704 lur.:
1148 3645 1246 3719 Bono,
1271 3644 1391 3725 inquit,
1412 3648 1450 3710 cd
1466 3644 1605 3724 tarpnnrm·

394 3725 510 3795 tendum
539 3733 648 3802 nunant
670 3724 841 3790 bonitatem.
855 3724 997 3804 oporibus
1038 3736 1308 3807 cooperatoremque
1317 3747 1421 3792 eoram
1442 3732 1536 3801 Deum,
1545 3721 1606 3809 malos

393 3808 458 3870 sine
473 3809 602 3870 uanitate
627 3807 714 3869 lautis
736 3808 936 3872 omnimodam
968 3818 998 3870 et
1038 3819 1135 3871 uatem
1145 3810 1602 3876 adnotanturiomrotionolittrtt·

393 3893 554 3979 perlectam
567 3908 586 3966 ,¹
608 3893 668 3953 'lla'
681 3892 732 3952 'vel
756 3891 811 3969 d.;
833 3891 971 3953 absolute
987 3938 996 3981 ,
1039 3901 1124 3956 turne
1140 3895 1302 3977 neptrittum
1318 3898 1474 3976 reserenda
1485 3900 1545 3956 sont
1557 3887 1606 3967 (llll

392 3971 446 4058 NJ,
462 3977 550 4054 prout
563 3973 998 4059 patetep'contentualiisque
1039 3971 1124 4051 Qno'd
1138 3976 1164 4039 si
1183 3970 1367 4054 d'ugustinus
1385 3979 1422 4041 de
1439 3976 1564 4040 relatione
1577 3974 1606 4062 u·'

393 4055 489 4138 tacte,
504 4057 997 4138 quibusbiipsitpatrcsmcntem
1039 4079 1143 4140 perum
1158 4060 1195 4121 ud
1215 4060 1307 4123 Deum
1329 4063 1463 4143 loquitur
1486 4061 1555 4121 iuna
1568 4052 1600 4114 u·

393 4140 667 4215 suunu=dealarant3
679 4141 928 4218 ,nebettamnut
941 4161 998 4203 en·
1038 4142 1229 4205 stipationem
1248 4145 1374 4207 alterius
1393 4142 1528 4219 membri,
1552 4147 1602 4198 tull

403 4222 479 4310 ontt
490 4231 523 4282 u:
546 4221 680 4310 ibamus*
701 4227 817 4308 negant
833 4225 997 4310 bonitatem
1039 4221 1251 4305 intelligendus
1265 4231 1322 4289 *est
1344 4228 1381 4290 de
1399 4246 1485 4310 opere
1498 4244 1528 4286 ea
1542 4214 1601 4282 anni

317 4339 325 4352 =
388 4235 745 4402 gilsglllltdssttttladttm
766 4301 999 4402 dirod'octtttsssstl
1040 4310 1217 4391 pectebant)
1229 4384 1231 4387 ¹
1243 4301 1280 4389 i'n,
1293 4311 1397 4392 ordine
1418 4311 1454 4374 ad
1471 4309 1549 4372 vitam
1564 4318 1601 4361 te·

393 4379 779 4498 nen-nannetensimn
795 4399 1000 4501 annotantem
1042 4394 1357 4492 tecuam,.etquidem
1376 4414 1412 4458 cx
1428 4393 1539 4457 caritate
1560 4386 1601 4444 la·

393 4494 539 4644 pytte-¹
554 4505 582 4624 et
599 4493 831 4594 domm,
847 4496 999 4599 munt
1042 4476 1374 4655 lttt'tn'tffiittz
1436 4589 1551 4646 dm
1571 4581 1592 4630 m

414 4617 999 4729 'rettuditcintianiteat
1041 4591 1601 4728 ntdiltlibdiss'nldltlilt‘'p,tn?
