3700 5659
366 457 428 520 ato
850 469 889 514 ne
906 441 1051 513 enarrare

327 568 487 631 articulum
506 563 544 627 ad
561 563 592 626 id
606 563 802 628 refellendum
817 571 929 626 statue·
1013 561 1087 624 303.
1110 560 1144 624 ιιι
1161 570 1274 639 autem,
1294 562 1376 644 quod
1392 581 1430 625 ex
1447 581 1474 625 s.
1513 563 1577 626 Λιι-

327 651 367 715 ιιι
379 651 439 732 (ι).
970 645 1090 723 goslino
1108 647 1279 727 opponitur,
1303 647 1341 708 ad
1356 666 1423 710 rem
1440 665 1505 708 non
1531 650 1577 709 la-

370 736 443 796 300.
465 730 508 796 td
527 733 558 794 3.
589 731 630 795 Ν.
662 730 708 794 vei
738 733 776 796 D.
796 729 860 792 Etsi
891 728 930 792 sit
970 747 1050 805 cere,
1071 747 1160 796 ereo
1180 738 1315 807 constat,
1339 731 1423 811 quod
1442 731 1579 811 ipselo·

328 825 530 893 transgressor
544 815 705 895 praecepti,
733 814 814 896 quod
831 821 876 876 est
893 813 929 875 de
971 824 1080 892 quatur
1097 812 1134 874 de
1152 813 1287 876 bonitate
1301 812 1501 889 meritoriaet
1522 816 1580 876 uti·

328 911 397 964 actu
416 901 548 962 caritatis
566 917 625 961 non
641 899 740 960 elicito
757 915 792 960 eo
812 906 929 978 tempo·
970 895 993 957 li
1013 895 1052 958 ad
1069 897 1218 974 salutem
1240 896 1286 959 sic
1299 898 1378 959 enim
1393 906 1464 980 post
1487 898 1590 984 obie-¹¹

329 1003 374 1062 re,
396 1001 456 1066 qno
476 983 561 1044 illurn
588 993 687 1046 actum
708 983 817 1044 elicere
843 989 929 1042 tene·
971 988 1019 1042 cta
1045 979 1137 1042 rerba
1166 981 1378 1062 prosequitur:
1413 983 1480 1044 Hoc
1506 988 1590 1062 erpo'

329 1068 435 1145 batur,
456 1067 516 1144 C.;
538 1067 568 1128 in
588 1068 693 1129 eodem
710 1075 790 1142 actu,
808 1083 867 1145 quo
884 1063 929 1126 si·
970 1081 1072 1128 ornere
1091 1082 1162 1143 open
1178 1073 1246 1142 cet,
1270 1067 1436 1127 ottonom
1459 1066 1580 1144 lectifi-

328 1169 366 1213 ne
382 1151 504 1213 caritate
516 1153 643 1212 honorat
655 1158 805 1232 parentes,
822 1157 852 1210 et
863 1166 931 1230 pro·
971 1165 1038 1211 cnm
1054 1148 1109 1218 ain
1122 1157 1153 1209 et
1172 1149 1262 1229 paulo
1280 1157 1349 1210 ante
1365 1148 1427 1210 iam
1446 1148 1581 1228 praemi·

329 1243 396 1316 pter
414 1235 562 1297 desectum
584 1235 731 1310 caritatis,
753 1231 877 1315 perinde
895 1251 931 1294 ac
972 1239 1066 1294 serat:
1105 1231 1253 1306 eroniem
1281 1233 1387 1294 animm
1414 1233 1578 1308 concedis,

329 1319 355 1380 si
388 1317 447 1380 duo
476 1327 576 1381 essent
608 1317 748 1380 distincta
773 1323 932 1396 praecepta
972 1332 1063 1394 opero
1078 1315 1270 1394 infidelium,
1296 1316 1447 1394 paracliti
1472 1334 1581 1378 comm

330 1402 366 1464 de
386 1403 491 1464 eodem
511 1412 591 1480 actu,
611 1403 650 1464 N.
670 1399 857 1462 Postremum
874 1399 933 1460 hoc
972 1400 1211 1474 videnturlrono,
1223 1408 1396 1462 nontamen
1412 1416 1462 1460 cos
1479 1401 1580 1461 odau-

330 1505 466 1548 asserere
483 1495 563 1548 esset
576 1503 645 1546 vere
663 1503 784 1546 sensnm
805 1482 932 1560 angelici
973 1482 1063 1544 intem
1080 1483 1288 1560 menpiternom
1304 1500 1494 1562 rapnumpne
1508 1501 1582 1562 pcr-

330 1569 461 1630 doctoris
479 1575 658 1650 pervertere,
676 1568 727 1648 qui
740 1575 834 1630 toturn
853 1567 934 1628 lrunc
974 1567 1099 1639 ducam
1115 1567 1187 1628 scito
1215 1583 1270 1629 nor
1288 1567 1365 1628 tuoe
1389 1568 1503 1629 bonnm
1524 1568 1580 1629 no·

330 1648 491 1716 articulum
511 1671 546 1714 eo
566 1650 673 1712 direxit
697 1658 731 1713 ut
749 1650 933 1724 ostenderet,
974 1650 1212 1725 minoratione,
1232 1651 1316 1714 ittam
1332 1651 1520 1712 volontatem
1534 1653 1582 1712 tro

331 1735 453 1796 modurn
483 1735 616 1798 caritatis
649 1754 709 1796 non
738 1733 846 1796 cadere
876 1734 934 1796 sub
974 1751 1067 1810 nom,
1086 1733 1162 1796 ntor
1184 1751 1257 1813 opor
1276 1736 1407 1811 bonnm,
1439 1735 1508 1795 aine
1526 1734 1583 1797 Dei
1662 1786 1666 1799 .

330 1828 489 1900 praecepto
504 1819 621 1880 divinae
639 1817 725 1896 legis,
742 1826 831 1902 prout
844 1817 934 1880 modo
968 1818 1088 1898 pretio,
1116 1835 1191 1896 paroc
1215 1819 1307 1880 detor
1330 1836 1499 1896 moneam
1516 1835 1580 1879 rae·

330 1904 475 1966 vidimus.
976 1902 1121 1962 dictorem
1141 1901 1195 1962 Dei
1222 1910 1249 1964 n
1268 1902 1441 1979 nominum,
1462 1899 1584 1963 nnnini

379 1988 451 2050 301.
472 1987 543 2048 lnst.
562 1983 671 2050 Saltem
692 2005 751 2048 non
768 1985 881 2048 reterre
898 2003 935 2048 a·
973 2002 1057 2064 pone
1077 1985 1211 2065 conferri
1218 2007 1232 2058 ;
1246 2003 1301 2063 per
1314 1988 1392 2064 pnort
1408 1986 1508 2046 solnm
1527 1987 1588 2047 nar·l

335 2071 465 2133 ctionem
481 2071 518 2132 arl
533 2069 585 2131 Dei
599 2071 724 2146 gloriam
736 2077 805 2132 actu
820 2069 937 2132 autvir·
976 2085 1024 2129 mn
1038 2075 1132 2148 potest
1161 2071 1201 2132 oo
1218 2077 1374 2132 morianna
1397 2070 1455 2131 Dei
1468 2071 1584 2132 mnan

333 2155 396 2216 luto
415 2165 460 2217 est
478 2153 661 2216 constituere
677 2154 708 2216 in
728 2154 806 2215 bono
834 2160 935 2214 creato
977 2153 1309 2232 repnnmqnaparoori.
1399 2213 1405 2222 ,
1586 2226 1588 2233 Ι

333 2239 422 2300 tinem
436 2239 586 2312 ultimum,
601 2239 681 2299 iuxta
693 2237 768 2300 illud
779 2235 937 2314 Augustini
1020 2235 1095 2298 304.
1124 2233 1263 2298 Ceterum
1291 2236 1365 2298 haec
1391 2237 1497 2298 omnia
1529 2253 1583 2297 nos

333 2323 389 2384 tib.
408 2339 439 2384 ιι
462 2331 558 2383 contr.
579 2320 740 2398 lulianum,
757 2341 824 2402 cap.
844 2338 888 2396 ιιι,
903 2339 935 2380 n.
979 2317 1102 2380 minime
1120 2319 1279 2396 attingunt,
1297 2321 1350 2400 qni
1368 2321 1514 2390 fatemur,
1532 2324 1588 2382 ca-‘

334 2405 394 2466 33:
426 2405 498 2468 Sine
523 2422 624 2466 onore
656 2405 807 2468 Crantoris
844 2404 939 2466 nrrllia
979 2401 1098 2464 ritatem
1123 2420 1191 2468 esse
1204 2403 1416 2480 necessariam,
1436 2413 1468 2466 et
1488 2402 1584 2466 teneri

334 2488 491 2567 qnisquam
529 2489 599 2550 bene
639 2489 741 2551 ntitnr
779 2487 936 2550 creatoris.
980 2505 1230 2566 unumquemque
1257 2505 1293 2548 er
1322 2487 1448 2549 caritate
1480 2488 1585 2549 omnia

334 2572 425 2649 Ergo.
981 2569 1086 2631 suain
1113 2568 1208 2632 Deum
1227 2570 1358 2648 reterre,
1388 2573 1491 2632 solnm
1510 2590 1582 2632 con-

379 2654 452 2717 302.
484 2652 574 2734 Resp.
603 2655 679 2736 Nep.
715 2652 747 2716 Si
775 2653 854 2716 enim
882 2673 939 2736 po·
982 2653 1143 2728 tendimus,
1165 2654 1223 2716 hoc
1251 2663 1443 2736 praeceptum
1463 2654 1585 2735 impleri

336 2747 425 2802 natur
458 2739 536 2800 actio
564 2757 599 2800 er
632 2757 665 2800 se
688 2737 814 2801 bonaet
836 2757 872 2802 ex
902 2735 940 2800 li2
982 2755 1035 2816 per
1052 2736 1185 2800 caritatis
1214 2746 1370 2800 actussuo
1392 2749 1531 2820 tempore
1549 2757 1584 2800 e·

336 2841 375 2884 ne
410 2822 544 2904 proximo
584 2822 685 2900 bono,
720 2824 777 2884 hoc
808 2823 873 2904 ipso
905 2841 941 2884 a·
982 2821 1122 2897 xercitos,
1141 2819 1214 2900 quia
1232 2821 1309 2882 tacta
1328 2822 1588 2901 ordinationem-'j

338 2907 400 2968 ctio
422 2907 500 2968 cedit
517 2905 561 2966 vin
586 2907 712 2982 gloriam
738 2905 802 2984 liei,
824 2916 857 2968 ut
884 2925 942 2968 au-
983 2903 1042 2966 tius
1056 2904 1186 2966 hominis
1204 2904 1236 2966 in
1259 2904 1371 2982 Deum,
1392 2925 1429 2968 eo
1449 2906 1516 2986 ipso
1534 2909 1587 2967 se·‘

345 2990 437 3052 cteris
454 2999 599 3066 naturae,
633 2989 659 3052 si
689 2999 794 3068 agatur
808 2990 845 3052 de
864 2990 944 3052 bono
982 2987 1095 3067 quitur,
1107 2987 1208 3050 omnia
1219 2989 1345 3070 quaeat)
1362 2990 1485 3051 homine
1497 2991 1589 3066 liunt,·

341 3073 521 3135 naturaliter
538 3074 682 3150 honesto;
702 3083 754 3135 aut
768 3083 801 3136 ut
813 3073 944 3136 auctoris
982 3080 1087 3151 suapte
1102 3080 1211 3135 natura
1228 3071 1404 3136 ineundam
1422 3075 1514 3137 linem
1534 3060 1592 3134 or-i

341 3156 467 3234 gratiae,
485 3157 510 3216 si
531 3166 637 3231 agatur
648 3155 684 3217 de
701 3155 781 3218 bono
801 3176 945 3239 superna·
982 3153 1080 3216 diuari
1092 3155 1160 3237 (ιι...

341 3239 446 3300 turalis
466 3238 591 3298 ordinis.
611 3238 714 3319 Neque
734 3258 809 3320 opus
827 3249 890 3316 est,
911 3250 946 3301 ut
1150 3313 1164 3321 ,

340 3321 767 3399 encaritateeliciaturactio,
785 3341 947 3403 quaecum·
1175 3320 1351 3398 'ffi‘lm

340 3424 400 3486 que
418 3423 456 3476 ,ea
477 3404 526 3481 sit,
545 3414 578 3466 ut
592 3405 653 3468 lieo
672 3415 795 3488 accepta
811 3405 842 3467 in
861 3407 945 3470 oroi·

340 3507 378 3551 ne
399 3507 455 3551 suo
475 3488 597 3551 evadat:
618 3499 651 3552 ιιι
679 3499 759 3570 patet
776 3509 810 3552 ex
829 3490 946 3552 actibus

339 3572 415 3653 ipsis
433 3572 504 3634 fidei
526 3583 555 3634 et
573 3573 649 3654 spei,
669 3573 797 3651 timoris,
814 3575 947 3636 iustitiae

340 3656 506 3718 alteriusve
531 3656 650 3719 virtutis
676 3676 710 3719 ex
743 3657 861 3720 motivis
888 3658 947 3720 sibi
1030 3658 1103 3721 305.
1123 3657 1168 3720 Αιι
1183 3657 1360 3738 explendum
1379 3664 1520 3718 nostrum
1544 3674 1590 3718 ar·

341 3739 474 3820 propriis
494 3739 614 3801 elicitis.
637 3739 792 3802 Absonum
811 3759 880 3802 vero
903 3750 949 3804 est
987 3750 1174 3818 gementum,
1191 3741 1273 3821 quod
1287 3741 1319 3802 in
1336 3741 1477 3802 manibus
1493 3741 1588 3802 habe·

341 3823 490 3884 affirmare
510 3822 609 3886 statim
636 3824 808 3904 quempiam
827 3833 948 3887 creatu·
989 3844 1067 3902 mus,
1089 3823 1126 3886 de
1139 3824 1273 3886 caritatis
1283 3843 1355 3902 erga
1370 3823 1465 3884 ileum
1484 3841 1590 3884 neces·

340 3904 383 3966 ris
402 3905 580 3982 adhaerere,
606 3925 642 3967 eo
666 3908 746 3987 quod
783 3908 950 3970 formaliter
988 3907 1088 3983 sitate,
1105 3917 1241 3991 superest
1250 3907 1388 3988 quaestio
1401 3906 1545 3984 agitanda
1556 3906 1591 3966 de

341 4006 401 4048 non
421 3989 533 4049 relevat
553 3989 686 4052 actiones
705 4009 776 4053 suas
795 3991 826 4054 in
853 3991 949 4055 Deum
989 3991 1125 4054 eiusdem
1140 3991 1273 4053 caritatis
1287 3990 1468 4052 necessitate
1482 3989 1522 4051 ad
1534 4009 1592 4050 me·

342 4071 478 4133 utfinem
500 4070 651 4133 ultimum.
988 4074 1080 4136 ritum
1105 4074 1143 4160 de
1174 4075 1323 4153 condigno
1345 4074 1497 4136 bonorum
1519 4093 1591 4154 ope·

987 3456 1023 3506 Dc
1030 3459 1169 3507 nonantule
1178 3460 1363 3507 enritctr'acirca
1373 3472 1448 3519 opera
1458 3434 1593 3531 neitnrrq

1036 3527 1065 3574 rte
1081 3528 1198 3587 condiano
1217 3527 1353 3574 ιιιιιιιιιιιιι
1369 3527 1538 3574 lentitudinis.
1589 3537 1592 3543 ¹

384 4185 423 4252 (ι)
435 4184 477 4236 Est
491 4186 558 4236 enim
571 4187 697 4240 articulus
711 4189 742 4241 l0
754 4189 787 4240 ite
801 4190 950 4256 inscriptus:
990 4200 1113 4243 tractatus
1128 4190 1162 4243 de
1189 4192 1295 4243 caritate
1313 4190 1444 4257 pertinens
1461 4189 1494 4240 ad
1518 4191 1591 4241 artic.

351 4251 438 4305 Ullam
450 4257 534 4303 motus
544 4257 655 4305 caritatis
676 4259 746 4306 cudat
763 4259 807 4308 rub
824 4266 953 4324 praecepto
992 4259 1060 4322 ult.,
1082 4257 1149 4325 disp
1174 4262 1202 4319 t,
1226 4260 1320 4326 inqua
1343 4256 1501 4308 nouaclum
1525 4275 1592 4308 eoru·

348 4323 416 4383 lepis,
442 4337 519 4388 qrrero
534 4321 637 4370 resolvit
655 4323 783 4388 negative.
992 4342 1095 4378 munem
1112 4327 1285 4387 sententiam,
1302 4340 1380 4392 quam
1407 4339 1456 4375 nos
1474 4323 1534 4375 tuiti
1552 4341 1592 4375 so·

383 4387 422 4454 (Ξ)
450 4391 516 4440 Satis
537 4388 659 4454 prolixam
679 4389 726 4440 hoe
746 4389 778 4439 de
801 4401 953 4458 argumento
993 4410 1058 4454 naus,
1071 4402 1235 4460 propugnat,
1252 4408 1342 4442 rerum
1359 4390 1517 4442 etiamillam
1529 4401 1592 4442 stre·

347 4451 547 4520 disputationem
564 4456 666 4523 scripsit
685 4458 714 4507 P.
738 4449 855 4523 ΒιΙΙιιιιιι,
875 4475 952 4526 quarn
993 4477 1044 4511 rvue
1060 4459 1176 4512 defendit
1209 4476 1240 4510 sc
1260 4457 1402 4509 vindicarit
1417 4458 1543 4508 adversus
1561 4457 1589 4508 0.

347 4521 497 4588 inscripsit:
521 4525 638 4588 Quaestio
658 4527 792 4588 tteolopioo
809 4531 837 4576 rte
853 4531 954 4576 relatio·
994 4527 1120 4592 ilungaros,
1136 4527 1267 4578 doctorem
1284 4543 1314 4577 ac
1332 4525 1499 4592 professorem
1515 4524 1592 4577 tore

345 4603 375 4637 nc
397 4596 496 4652 opernm
521 4594 547 4640 in
570 4589 667 4656 Denuo,
694 4593 721 4644 in
746 4593 954 4659 supplementum
993 4596 1119 4656 uieusem,
1130 4595 1175 4661 qui
1187 4609 1243 4644 eam
1254 4594 1460 4660 impugnaverat.
