3700 5659
265 549 274 555 .
367 494 408 559 88
509 545 512 551 .
888 505 927 551 nr.
945 507 1013 552 rrnrc

328 626 388 688 qua
404 585 586 683 generaliter
599 599 765 682 redemptio
783 598 953 680 pertriti-1
973 617 1062 680 strper
1094 617 1145 662 cor
1177 617 1279 662 eornm
1288 623 1301 674 ;
1323 582 1485 684 praecipue
1509 624 1589 668 vero

330 702 409 753 stum
429 688 618 765 continetur,
640 695 670 748 et
687 685 850 766 suppositis
864 683 934 744 aliis
975 682 1040 746 Gal.
1061 701 1103 761 ru,
1132 685 1184 759 33,
1219 684 1346 748 dicitur:
1372 689 1464 751 Prior
1482 699 1591 752 aarum

327 773 484 852 gradibus,
497 769 788 852 quibuscreditnrin
800 768 933 846 aliquem
976 785 1065 847 quom
1082 770 1197 832 venirat
1214 769 1305 849 fidos,
1325 771 1379 833 snb
1402 772 1463 852 lage
1478 783 1590 835 custo·

313 857 564 937 redemptorem,
596 873 650 918 seu
671 852 866 916 mediatorem
884 850 935 911 in·
975 853 1131 914 diebnmnr
1149 854 1278 915 conclusi
1310 855 1344 916 in
1376 873 1441 917 acm
1467 857 1591 938 fidem,

332 954 378 1004 ter
401 941 496 1004 Dorum
518 947 547 1001 et
570 938 708 1000 homines
730 937 769 998 ad
787 936 856 996 illos
872 935 936 996 sal·
977 938 1306 1014 ponerevolcndnernt.
1322 937 1466 1018 lamvero,
1482 941 1590 1016 aiunt,

331 1025 456 1100 candos,
475 1023 548 1105 quin
562 1029 750 1104 compertum
766 1020 817 1097 sit,
832 1037 870 1081 an
886 1019 938 1080 ille
979 1020 1057 1100 quod
1089 1029 1135 1082 est
1156 1021 1287 1082 medium
1321 1023 1526 1086 necessarium
1551 1025 1595 1086 ad

334 1110 481 1173 mediator
498 1109 617 1170 lutnrns
631 1114 712 1168 esset
729 1105 820 1175 Dens,
840 1120 939 1184 neque
979 1105 1119 1181 salntem,
1140 1104 1228 1166 debet
1239 1123 1305 1166 esse
1323 1105 1463 1169 omuibus
1479 1119 1595 1190 aperte

334 1213 388 1277 per
404 1211 495 1273 quem
508 1191 630 1252 modum
647 1196 727 1252 esset
738 1189 865 1249 salutem
881 1187 939 1247 ho·
980 1197 1084 1250 notum
1099 1197 1128 1250 ct
1143 1189 1378 1267 rnanisestatnm;
1395 1192 1507 1271 quodsi
1521 1201 1595 1254 erat

335 1279 450 1341 minum
462 1285 662 1357 operaturns3
680 1272 875 1335 distinctione
888 1270 939 1330 in·
982 1273 1141 1333 obscumm
1159 1281 1188 1334 et
1202 1274 1352 1335 occultum
1367 1274 1440 1356 ipsis
1452 1276 1594 1352 iudaeiS,

335 1381 427 1443 super
445 1363 523 1422 lacta
540 1359 619 1420 inter
641 1356 861 1435 cognitionem,
882 1373 943 1435 qna
982 1358 1076 1418 multo
1095 1357 1190 1434 magis
1208 1357 1369 1420 obscurum
1385 1367 1414 1420 et
1432 1362 1595 1422 occuitum

337 1445 477 1508 divinitas
507 1442 627 1524 quidem
657 1438 866 1521 Redernptoris
888 1457 942 1498 co·
983 1440 1040 1502 tuit
1056 1442 1229 1516 gentilibus.
1250 1439 1439 1523 Impossibile
1459 1445 1596 1524 proinde

337 1528 505 1608 gnoscitnr,
525 1527 680 1604 ignoratur
710 1533 810 1586 tamur
837 1522 944 1584 modus
984 1533 1029 1586 ost
1044 1534 1175 1587 statuere
1191 1525 1340 1588 eiusmodi
1354 1527 1441 1588 fidem
1460 1528 1598 1608 explici-

339 1611 567 1692 redemptionis,
585 1627 712 1688 eamque
726 1608 941 1684 cognitionem,
984 1617 1042 1670 tam
1067 1617 1208 1689 tanquam
1229 1607 1360 1671 medium
1379 1611 1515 1673 absolute
1535 1631 1598 1674 ne·

341 1717 401 1778 qua
422 1693 612 1772 cognoscitur
641 1692 777 1755 Christus
805 1700 840 1753 ut
856 1709 945 1751 rerus
985 1693 1148 1754 cessarium
1168 1692 1206 1755 ad
1222 1695 1363 1755 salntem.
1377 1695 1409 1755 2⁰
1423 1693 1599 1776 Quodqni·

342 1783 421 1843 [leus
444 1789 475 1841 et
492 1780 595 1856 homo,
617 1777 669 1858 qni
691 1775 944 1858 perpessionem,
986 1777 1053 1838 dom
1073 1777 1249 1838 confirmant
1267 1779 1444 1842 auctoritate
1466 1781 1597 1841 concilii

343 1859 471 1927 mortem
510 1872 541 1924 et
573 1861 826 1924 resurrectionem
859 1877 945 1920 suam
986 1860 1165 1938 Tridentini,
1183 1861 1262 1942 quod
1281 1881 1356 1924 sess.
1376 1879 1425 1941 vr,
1451 1882 1516 1945 cap.
1553 1865 1597 1941 ⁹2,

343 1947 596 2012 consummaverit
618 1944 878 2026 redemptionem:
899 1942 948 2003 di·
988 1945 1060 2006 dicit
1076 1944 1227 2007 Christum
1245 1954 1274 2007 et
1287 1955 1356 2008 aute
1375 1947 1483 2026 legem,
1504 1955 1536 2009 et
1548 1950 1600 2009 le-

344 2034 500 2110 stingnuut
531 2038 687 2112 praetcrea
714 2038 868 2111 tempora,
898 2034 950 2088 ant
988 2030 1033 2106 gis
1053 2038 1186 2110 temporo
1206 2031 1307 2092 multis
1326 2031 1437 2093 sanctis
1451 2031 1601 2094 Patribus

346 2137 426 2199 qnae
443 2123 673 2198 praecesserunt
702 2112 813 2177 Christi
837 2111 950 2174 adren—
990 2113 1171 2175 declaratum
1188 2120 1218 2175 et
1230 2113 1430 2196 promissnm3
1458 2133 1530 2194 ergo
1544 2135 1602 2197 ap·

348 2214 424 2280 tum,
456 2209 509 2262 aut
534 2209 603 2261 ante
621 2197 892 2280 promulgationem
915 2213 951 2256 e·
991 2205 1086 2278 paret,
1106 2206 1167 2259 non·
1192 2197 1285 2260 luisse
1311 2199 1473 2262 revelatum
1494 2201 1603 2260 omni-

345 2283 474 2362 rangelii
502 2302 554 2366 per
582 2283 754 2345 uniuersum
782 2279 949 2356 mundum,
993 2286 1060 2359 bus,
1082 2300 1136 2343 nec
1154 2291 1312 2364 propterea
1335 2284 1475 2346 omnibus
1496 2283 1603 2354 indis·

349 2379 402 2432 aut
420 2375 488 2450 post
502 2366 651 2429 eiusmodi
667 2364 949 2447 promulgationem.
993 2365 1172 2427 criminatim
1199 2365 1291 2428 inisse
1310 2367 1365 2429 hac
1384 2369 1441 2430 fide
1457 2367 1603 2450 explicita

392 2453 465 2514 359.
489 2449 607 2521 Quibus
627 2448 824 2531 praemissis,
852 2445 953 2528 quoad
994 2450 1109 2511 creditu
1124 2451 1340 2512 necessarium.

353 2537 484 2619 primum
503 2535 627 2611 gradum
643 2533 812 2595 concedunt
835 2549 953 2607 omnes,
1037 2535 1109 2596 3lll.
1131 2533 1193 2596 lmo
1213 2534 1312 2615 quoad
1333 2535 1457 2598 iudaeos
1477 2535 1604 2618 specia-

354 2621 442 2682 fidem
467 2620 549 2684 illam
579 2617 747 2700 explicitam
784 2615 954 2695 generalem
996 2618 1047 2680 tim
1068 2619 1220 2696 adnotant,
1235 2619 1326 2698 qnod,
1344 2620 1370 2681 si
1388 2619 1418 2680 in
1436 2621 1548 2702 populo
1567 2621 1605 2680 il-

353 2705 447 2767 suisse
466 2703 588 2768 omnino
607 2702 715 2782 quovis
746 2709 881 2782 tompore
899 2718 956 2761 ne·
996 2705 1025 2764 lo
1043 2702 1137 2764 idiota
1151 2702 1261 2783 aliquis
1276 2711 1305 2764 ct
1322 2703 1459 2766 indoctus
1475 2703 1606 2765 haberet

354 2787 530 2866 cessariam,
551 2795 654 2870 utpote
675 2805 754 2868 quae
785 2785 899 2846 oriatur
922 2803 958 2846 ex
998 2786 1194 2864 ignorantiam
1238 2786 1440 2854 invincibilem
1475 2787 1606 2849 Messias

353 2875 418 2955 ipsa
439 2881 548 2936 natura
568 2871 637 2934 hdei
653 2869 901 2954 supernaturalis,
918 2867 959 2930 si·
999 2871 1127 2949 venturi,
1147 2889 1200 2952 per
1217 2870 1304 2932 fidem
1322 2871 1373 2933 Dei
1392 2871 1553 2935 Salvatoris
1576 2881 1607 2932 et

356 2977 395 3020 ne
412 2977 473 3038 qua
491 2976 547 3020 uec
575 2955 770 3033 iustificatio,
804 2971 860 3015 nec
877 2954 960 3014 salus
999 2954 1235 3018 remuneratoris
1254 2954 1371 3030 viram,
1399 2976 1434 3018 ac
1452 2975 1506 3038 per
1524 2955 1606 3016 dile·

355 3041 486 3104 obtineri
503 3049 641 3122 possunt,
670 3048 761 3122 pront
780 3046 811 3100 et
831 3055 886 3099 nos
903 3036 960 3100 ad·
1001 3039 1129 3102 ctionem
1149 3038 1203 3100 Ilei
1218 3046 1318 3120 posset
1332 3040 1451 3117 salvari3
1472 3039 1545 3120 quin
1561 3047 1609 3101 et·

355 3125 532 3188 struximus.
1002 3124 1060 3186 iam
1077 3122 1201 3200 addunt,
1219 3121 1299 3184 hand
1314 3132 1428 3186 certum
1441 3141 1508 3185 esse
1523 3142 1611 3184 corn-

399 3209 473 3270 360.
494 3205 598 3278 Quoad
616 3207 692 3270 alios
710 3205 853 3284 gradus,
868 3205 962 3267 tuisse
1003 3225 1123 3268 munem
1143 3207 1286 3289 populum
1306 3207 1482 3272 iudaeorum
1495 3225 1610 3285 cogno·

358 3291 560 3354 necessariam
590 3290 679 3353 tidem
705 3289 874 3372 explicitam
894 3297 964 3350 ante
1003 3291 1092 3369 risse,
1113 3290 1249 3353 Messiam
1276 3291 1370 3353 luisse
1395 3301 1552 3354 tenturum
1574 3301 1610 3352 nt

361 3375 471 3438 Christi
492 3375 669 3456 adventum,
690 3383 780 3456 prout
805 3373 894 3435 etiam
913 3372 966 3433 in*
1004 3375 1222 3458 redemptorem
1255 3383 1285 3436 et
1321 3375 1497 3438 salvatorem
1537 3375 1608 3437 aui-

361 3459 456 3522 cludit
488 3459 662 3540 mysterium
694 3457 748 3521 SS.
786 3457 962 3535 Trinitatis,
1006 3477 1120 3521 marum
1138 3507 1146 3537 ,
1167 3479 1234 3521 cum
1258 3461 1442 3541 exploratum
1462 3459 1501 3522 sit
1520 3477 1610 3522 erro-

361 3563 487 3626 prorsus
503 3543 687 3622 inficiantur,
708 3543 756 3605 his
774 3542 965 3625 potissimum
1006 3561 1067 3605 rem
1087 3543 1171 3606 valde
1189 3544 1339 3620 vulgarem
1362 3543 1494 3622 viguisse
1513 3561 1610 3625 expe-

361 3628 444 3691 ducti
466 3628 654 3692 rationibus:
678 3630 709 3690 lt
731 3629 814 3709 qnia,
835 3625 968 3708 Scriptu·
1007 3628 1145 3690 clationis
1157 3625 1281 3690 Messiae
1293 3637 1326 3689 ut
1339 3627 1416 3708 regis
1435 3627 1611 3708 temporalis

361 3731 396 3775 ra
416 3721 503 3792 teste,
523 3713 597 3775 fides
614 3713 664 3775 illa
678 3721 742 3775 erat
757 3712 842 3773 valde
860 3711 968 3773 obscu-
1007 3729 1227 3794 corporumque
1244 3711 1453 3793 redemptoris,
1469 3731 1530 3794 qna
1542 3729 1613 3794 pro-

361 3816 396 3859 ra
415 3804 445 3859 et
463 3798 550 3878 qnasi
568 3797 726 3860 inumbra
744 3804 774 3857 ot
789 3797 902 3875 hgura3
922 3795 966 3858 si·
1008 3797 1085 3858 sacto
1103 3797 1161 3858 hdo
1180 3797 1306 3858 salntem
1322 3803 1473 3858 aeternam
1494 3815 1557 3856 non
1575 3813 1611 3856 a·

363 3881 487 3960 quidem
503 3881 528 3942 l.
545 3880 613 3943 Cor.
637 3901 666 3960 x,
688 3882 708 3942 d
735 3879 881 3958 agitnrde
895 3879 969 3962 ipsis
1008 3879 1248 3962 dipiscehnntur3
1273 3888 1411 3962 poterant
1429 3887 1529 3942 lamen
1548 3879 1630 3957 sal··

363 3964 521 4026 hebraeis:
540 3966 687 4028 Bibcbnnt
705 3973 805 4026 ontcm
822 3966 858 4026 de
874 3965 969 4044 spiri·
1008 3964 1070 4026 rari
1087 3981 1141 4046 per
1158 3963 1246 4026 fidem
1265 3963 1460 4046 praedictam.
1486 3961 1573 4036 Quod
1595 3981 1613 4026 a

365 4048 441 4124 toli,
459 4057 651 4128 contorquente
667 4066 729 4125 eor,
757 4055 848 4128 petro
855 4071 870 4121 ;
884 4057 970 4128 petro
1011 4049 1127 4110 fortiori
1146 4047 1336 4128 degentibus
1351 4049 1440 4111 valet.
1683 4119 1684 4124 ἵ

365 4140 464 4198 nortem
486 4141 552 4196 erot
572 4133 712 4196 Christus
742 4131 804 4210 (ll.
831 4130 899 4193 Cor.
920 4150 968 4210 ru,
1053 4132 1126 4194 363.
1159 4130 1216 4203 Qui
1248 4141 1401 4214 praeterea
1428 4139 1538 4211 negant
1557 4149 1613 4196 ne·
1683 4163 1684 4206 t

367 4215 420 4293 tt,
439 4215 510 4296 15).
534 4216 629 4295 Usque
647 4217 682 4278 in
702 4217 971 4280 dodirrnnmdicm
1010 4217 1171 4280 cessitatem
1182 4215 1418 4280 medtieinsdem
1435 4215 1504 4278 srdei
1520 4215 1615 4298 expli·

364 4301 497 4382 idipsam
515 4301 645 4364 nclomen
669 4301 704 4364 in
725 4300 848 4376 lectione
865 4301 972 4363 coleris
1012 4301 1089 4363 citae
1108 4299 1139 4361 in
1157 4301 1261 4363 eadem
1281 4300 1440 4382 mysteria,
1459 4299 1522 4362 sire
1544 4308 1614 4362 ante
1683 4341 1684 4350 1

366 4385 533 4448 tastamenti
573 4393 672 4448 mouet
716 4402 778 4446 non
812 4385 973 4448 melotem
1012 4385 1074 4447 sive
1095 4394 1161 4466 post
1180 4385 1376 4448 sufficientem
1396 4383 1614 4466 promulgatio·
1683 4393 1684 4468 t

332 4508 335 4513 <
368 4468 537 4548 (quonium
567 4470 601 4532 in
622 4468 743 4533 Christo
764 4469 971 4550 eoocnotnr),
1012 4489 1082 4531 nem
1100 4470 1263 4546 evangelii,
1282 4469 1329 4530 his
1349 4469 1534 4545 argumentis
1549 4487 1616 4550 per·
1683 4471 1684 4502 l

366 4554 417 4614 sed
435 4571 528 4632 usgue
542 4554 575 4616 in
593 4554 771 4618 hodiernum
787 4553 883 4632 dion,
906 4572 975 4618 cnm
1014 4561 1190 4616 moventur:
1211 4553 1298 4616 Fides
1315 4553 1454 4635 explicita
1471 4551 1502 4614 in
1524 4551 1614 4614 Chri-

368 4635 620 4720 lepiturdlopses,
640 4638 772 4703 uolumen
786 4639 918 4720 moitura
931 4647 975 4702 cst
1013 4647 1105 4718 stum,
1124 4657 1158 4701 ac
1176 4645 1334 4722 propterea
1352 4637 1383 4699 in
1407 4633 1460 4700 SS.
1480 4635 1615 4700 'lrirdta-
