3700 5659
410 455 451 521 98
933 463 971 505 ne
989 463 1056 508 rinr.

411 565 486 630 403.
503 561 567 624 lluc
584 557 709 632 accedit,
729 555 810 637 quod
823 554 972 618 eiusmodi
1012 554 1118 617 attinet
1135 555 1173 618 ad
1187 575 1274 618 casus
1292 531 1491 638 particulares
1504 563 1612 624 consuli

368 647 523 716 simulatio
544 665 604 708 nou
637 641 725 704 modo
749 641 842 702 lleum
860 639 973 700 iniuria
1013 648 1137 720 possunt
1155 640 1208 721 qui
1221 640 1257 704 de
1268 641 1328 704 illis
1346 661 1381 704 ex
1393 643 1530 723 professo
1547 650 1613 707 scri·

317 790 319 793 .
369 735 491 809 afficiat,
512 727 722 792 verumetiam
742 744 828 804 grave
849 723 974 785 scauda-
1013 734 1151 804 pseruut.
1296 731 1316 752 ²

369 822 434 882 lum
452 815 587 898 proximo
604 811 756 894 praebeat.
770 807 843 871 Nam
856 807 908 888 qui
919 806 976 868 ali·

371 903 446 986 quid
479 899 575 972 lacit,
604 915 639 958 eii
673 913 733 975 quo
752 893 847 975 possit
867 891 973 954 merito

371 985 481 1050 coniici
497 1035 508 1062 ,
527 1001 559 1044 se
577 979 773 1043 christianum
804 996 863 1038 non
882 995 972 1052 esse,
1057 977 1131 1040 405.
1149 974 1217 1040 obi.
1237 979 1265 1039 l.
1286 977 1418 1042 Naaman
1439 979 1515 1061 Syro
1539 1001 1571 1044 ov
1598 984 1620 1043 i-

371 1082 425 1136 ant
443 1088 509 1132 esse
534 1065 662 1128 alicuius
695 1062 787 1124 salsae
819 1059 975 1139 religionis
1016 1061 1176 1124 dololatria
1194 1061 1231 1126 ad
1252 1079 1355 1124 verum
1375 1063 1471 1127 Deum
1502 1085 1620 1127 conver-

373 1163 552 1220 soctatorem
571 1198 580 1228 ,
600 1147 672 1228 quid
699 1146 785 1209 aliud
817 1145 973 1222 intendit,
1017 1166 1051 1210 so
1071 1145 1196 1208 indulsit
1218 1146 1337 1208 Eliseus
1355 1147 1563 1212 idololatriam
1584 1152 1620 1211 si-

372 1259 464 1322 quam
493 1235 674 1319 persuadere
705 1229 859 1305 religionis
877 1228 977 1292 hosti·
1018 1231 1135 1294 molare
1152 1231 1267 1292 ratione
1287 1233 1440 1310 muueris,
1461 1253 1526 1314 quo
1549 1236 1621 1314 apud

373 1325 461 1400 bus,
499 1340 531 1382 se
566 1334 687 1398 quoque
723 1315 902 1376 catholicam
939 1313 977 1374 si-
1018 1334 1118 1392 regem
1138 1315 1328 1393 fungebatur:
1349 1316 1392 1378 sio
1410 1317 1495 1378 enim
1519 1320 1624 1396 legitur

374 1409 442 1470 dem
457 1403 545 1467 nihili
559 1409 612 1463 aut
626 1399 707 1481 parvi
727 1398 867 1480 pendere,
886 1415 979 1477 quae·
1018 1398 1067 1462 lV.
1087 1398 1159 1477 Rog.
1180 1418 1211 1465 v.
1232 1400 1281 1477 l8‚
1302 1398 1435 1462 Naaman
1458 1401 1572 1464 dixisse
1591 1403 1623 1463 ad

375 1511 435 1573 qne
449 1491 488 1553 ab
508 1508 543 1550 ea
561 1485 729 1558 docentur,
752 1482 780 1542 iu
801 1481 979 1544 commentis
1020 1484 1166 1546 Eliseum:
1183 1485 1245 1546 Hoc
1264 1493 1363 1546 mitem
1390 1486 1489 1548 solnm
1511 1495 1576 1563 est,
1594 1489 1626 1547 ile

375 1584 429 1637 aut
460 1572 570 1635 sabulis
591 1568 715 1644 habere,
736 1575 788 1628 aut
807 1586 838 1627 se
858 1583 980 1646 quoque
1021 1586 1076 1647 qno
1089 1568 1253 1648 depreceris
1271 1568 1435 1630 Dominam
1450 1587 1512 1648 pro
1545 1587 1624 1633 seruo
1679 1633 1681 1638 ,

376 1657 561 1721 divinitatem
581 1652 670 1714 idolis
702 1659 793 1730 atque
824 1650 980 1712 veritatem
1023 1661 1086 1729 too,
1120 1653 1239 1730 coinon
1268 1652 1457 1732 ingredietur
1477 1655 1627 1716 Dominus
1679 1681 1681 1723 i

376 1737 583 1823 superstitioni
614 1735 780 1797 tribueret
807 1733 883 1794 Hinc
911 1752 981 1794 cum
1023 1754 1104 1798 meus
1122 1737 1262 1814 templum
1284 1737 1438 1812 Remmon,
1458 1745 1493 1800 ot
1512 1740 1625 1807 odoret,
1680 1769 1682 1808 ι

377 1824 532 1888 christiani
551 1819 665 1901 aliquid
687 1820 746 1880 tale
763 1817 909 1894 viderint,
931 1826 983 1879 ant
1023 1829 1048 1882 et
1062 1820 1113 1882 illo
1125 1821 1275 1882 innitente
1283 1837 1509 1900 supermontem
1520 1840 1625 1894 menni,
1679 1853 1682 1892 ,

375 1908 559 1990 acceperint,
573 1905 661 1966 lacile
675 1903 733 1964 sihi
746 1901 981 1983 persuadebunt,
1023 1905 1050 1966 si
1068 1907 1250 1978 adoravero,
1270 1904 1304 1964 iii
1340 1906 1445 1984 templo
1463 1907 1627 1978 Remmoii,
1681 1943 1682 1976 ,

377 1995 464 2056 illum
492 1990 672 2054 catholicam
692 1987 780 2048 fidem
800 1986 982 2064 desomisse,
1024 1991 1167 2052 odorante
1184 2007 1216 2050 eo
1234 1990 1268 2050 iii
1287 1989 1385 2050 eodem
1401 1991 1473 2066 loco,
1489 1999 1528 2052 iit
1546 1992 1628 2071 igno·
1681 2025 1682 2060 i

378 2097 477 2158 eoque
498 2075 629 2157 pessimo
655 2073 790 2152 exemplo
811 2071 849 2134 ad
867 2079 986 2152 aposta·
1025 2073 1181 2136 seotmilti
1201 2072 1343 2134 Dominus
1368 2090 1452 2136 servo
1492 2081 1547 2136 tito
1583 2093 1630 2154 pro
1681 2119 1682 2130 ,

379 2164 457 2225 siam
485 2158 636 2223 efficacius
671 2157 876 2237 impellentur.
908 2152 987 2225 Quid
1028 2159 1142 2220 licere.
1162 2156 1325 2237 Respondit
1343 2157 1477 2218 Eliseus:
1505 2160 1630 2221 Vectem
1681 2225 1682 2230 η

380 2247 461 2309 enim
482 2244 576 2325 possit
589 2242 633 2302 vis
651 2240 779 2320 exempli
792 2239 830 2301 ad
846 2238 987 2302 homines
1025 2259 1105 2320 poce.
1126 2239 1372 2321 ⁰2⁰lbidemcap.
1393 2257 1424 2318 x,
1451 2243 1491 2304 ie
1526 2242 1630 2303 lauda·
1680 2275 1683 2316 ι,

381 2328 593 2411 pervertendos
623 2325 654 2386 in
677 2322 860 2385 difficillimis
885 2341 987 2384 rerum
1029 2326 1174 2386 turnelns
1200 2323 1284 2400 lehn,
1322 2324 1386 2405 qui,
1418 2326 1633 2406 utprophelns

381 2413 545 2487 adiunctis,
562 2429 650 2471 nomo
671 2417 728 2485 est,
748 2407 800 2488 qui
819 2407 948 2482 ignoret.
1028 2411 1220 2489 cultoresque
1238 2409 1309 2470 Bnal
1328 2408 1364 2470 de
1384 2409 1483 2471 medio
1502 2411 1631 2484 tolleret,
1682 2413 1683 2420 ’

426 2498 500 2559 404.
520 2494 673 2570 llirimus,
695 2511 766 2573 prae
784 2510 817 2553 se
835 2491 913 2552 ierre
944 2490 988 2552 si·
1028 2493 1190 2571 simulavit,
1204 2513 1236 2554 se
1254 2512 1375 2573 quoque
1388 2493 1470 2556 illius
1485 2513 1557 2556 esse
1571 2497 1631 2556 eul-

384 2581 582 2644 mulationem
600 2579 828 2653 salsaeseotae‚
862 2575 915 2655 qni
944 2575 988 2636 si·
1029 2587 1137 2655 torem,
1157 2597 1191 2640 ac
1204 2578 1338 2640 solemne
1357 2577 1542 2640 sacrificium
1562 2580 1634 2640 iudi·
1682 2595 1683 2598 ’

385 2686 459 2745 gna,
472 2673 580 2741 vestes,
597 2663 672 2724 ritus
691 2660 864 2722 adscivisset
885 2660 988 2720 exclu-
1028 2663 1069 2724 iit
1087 2663 1132 2724 illi
1151 2661 1350 2724 offerendum.
1371 2661 1415 2724 Ita
1437 2672 1542 2724 autem
1559 2663 1634 2726 Deus

386 2751 449 2812 sive
468 2748 606 2831 proprios
624 2745 752 2807 alicuius
768 2753 867 2806 sectae
886 2753 916 2806 et
930 2745 989 2806 vel·
1030 2748 1087 2810 hoc
1105 2745 1178 2808 lebu
1201 2746 1312 2808 laetum
1341 2746 1534 2809 commendat
1561 2748 1632 2810 ibid.
1683 2820 1684 2824 Ἰ

385 2835 430 2896 uti
459 2831 669 2914 protestativos
688 2830 770 2891 illios
789 2829 856 2891 salsi
876 2830 986 2890 cultus.
1028 2851 1056 2892 v.
1076 2832 1127 2893 30:
1147 2831 1223 2906 Quin
1241 2831 1372 2894 studiose
1385 2832 1482 2912 epistt,
1501 2834 1583 2911 qaod
1595 2851 1635 2895 re·
1683 2909 1684 2912 Ἴ

386 2919 472 2990 Quod
494 2918 521 2980 si
549 2914 698 2978 eiusmodi
726 2924 823 2976 vestes
852 2913 990 2975 adhiberi
1028 2924 1195 2991 citimeiot,
1208 2924 1234 2979 et
1245 2915 1378 2994 plocehot
1391 2916 1425 2978 iii
1440 2917 1536 2980 oeulis
1552 2919 1632 2988 oieb,
1683 2917 1684 2924 ’

387 3002 597 3064 consueverint
615 3000 653 3061 ad
678 2999 830 3060 nationem
858 2997 990 3060 iudicari·
1030 3009 1055 3062 et
1079 3000 1183 3062 omiiio
1202 3017 1277 3078 qaue
1297 3008 1383 3062 erunt
1402 3000 1437 3062 iii
1463 3002 1554 3062 eorde
1578 3020 1636 3064 iiico

387 3088 469 3161 dam,
487 3087 559 3146 licet
588 3083 725 3165 plerique
743 3083 847 3144 salsam
877 3090 989 3144 sectam
1029 3085 1236 3166 (eeisitcomra
1251 3085 1371 3148 domum
1384 3083 1503 3158 Achab·
1517 3086 1581 3166 fito·
1596 3088 1634 3148 tui

391 3172 597 3251 pi‘oliteautur3
614 3185 650 3228 ex
666 3165 819 3228 communi
837 3167 991 3244 theologo·
1030 3186 1121 3248 osque
1140 3170 1179 3232 od
1197 3176 1338 3248 quartam
1355 3171 1585 3248 penetrationem
1601 3188 1637 3232 se·

390 3273 458 3316 rum
481 3251 629 3315 sententia
647 3251 693 3311 sas
710 3259 756 3312 est
774 3250 922 3312 catholico
938 3251 991 3312 tali
1030 3255 1140 3317 debant
1159 3270 1247 3332 super
1265 3254 1408 3316 tlivoimm
1425 3255 1534 3318 lsrael.
1602 3289 1606 3298 ,

387 3336 544 3418 vesteutilz
575 3334 724 3415 siquidem
743 3342 934 3415 praeceptum
953 3335 989 3396 n-
1073 3338 1148 3400 406.
1169 3336 1260 3417 Resp.
1282 3336 1319 3400 ad
1339 3338 1369 3398 l.
1400 3339 1439 3402 Ν.
1460 3337 1523 3400 Nec
1558 3339 1635 3402 enini

389 3422 437 3484 dei
451 3420 637 3504 profitendae
655 3438 715 3480 non
739 3426 818 3480 vetat
848 3419 879 3479 in
909 3418 991 3481 omni
1030 3419 1163 3484 Naaman
1178 3421 1263 3502 petiit
1281 3422 1319 3486 ab
1334 3421 1446 3499 Eliseo,
1463 3430 1496 3484 ut
1523 3423 1587 3486 sihi
1602 3425 1636 3484 li-

389 3526 461 3570 casu
475 3506 564 3568 fidem
583 3505 745 3580 occultare;
767 3503 848 3584 quod
866 3512 947 3584 patet
962 3523 993 3566 e·
1032 3505 1320 3568 ceretidololatriam
1337 3505 1492 3583 simulare,
1503 3516 1560 3570 aut
1575 3527 1639 3589 pro·

388 3587 865 3673 semploEusebiiSamosateni,
888 3589 991 3668 quie·
1032 3591 1121 3671 pheta
1153 3589 1302 3652 eiusmodi
1332 3590 1560 3654 simulationem
1592 3593 1637 3654 iii·

390 3677 483 3758 quitis
506 3675 611 3738 habitu
637 3674 796 3755 plerasque
826 3673 993 3753 peragravit
1032 3673 1135 3748 dulsit‚
1157 3674 1238 3754 quod
1259 3673 1424 3736 absurdum
1444 3684 1490 3736 est
1505 3677 1637 3756 suspica-

390 3760 516 3823 orientis
532 3759 678 3822 ecclesias
697 3757 736 3820 ad
752 3756 856 3820 fideles
887 3765 993 3820 contra
1032 3758 1070 3836 ri,
1092 3758 1145 3820 sed
1160 3757 1188 3820 ei
1204 3759 1341 3840 exposuit
1359 3757 1572 3822 necessitatem
1589 3762 1637 3822 ob-

390 3846 536 3922 aiianam‚
558 3862 637 3925 quae
653 3841 861 3920 grassabatur,
882 3841 993 3904 haere·
1032 3842 1131 3923 sequii
1150 3861 1224 3923 pure
1243 3842 1337 3906 civilis
1369 3843 1432 3922 regi
1467 3843 1636 3906 deferendi.

390 3930 447 3991 sim
467 3929 499 3990 in
517 3946 588 3990 vora
605 3927 663 3990 lide
693 3925 913 3990 confirmandos
929 3926 991 4006 (l).
1032 3925 1105 3988 Nam
1121 3945 1188 3987 cum
1204 3928 1314 3988 soleret
1332 3946 1382 3989 rex
1401 3927 1489 4003 inniti
1509 3928 1636 3996 humero

391 4012 474 4074 luem
491 4012 551 4089 dio,
570 4011 597 4074 si
613 4019 720 4089 agatur
736 4010 773 4072 de
790 4010 902 4072 ritibus
925 4029 993 4072 me·
1033 4009 1196 4088 Naamaui,
1215 4009 1347 4072 Naaman
1375 4030 1445 4074 vero
1465 4030 1520 4092 pio
1547 4012 1636 4074 oflicii

393 4117 426 4158 re
443 4095 594 4169 civilibus,
615 4094 751 4175 quamvis
765 4093 803 4156 ab
821 4093 994 4156 infidelibus
1034 4095 1081 4158 sui
1099 4094 1215 4156 ratione
1245 4094 1368 4157 deberet
1397 4113 1497 4172 regem
1523 4095 1637 4176 ubique

393 4192 424 4242 et
436 4179 597 4243 haereticis
611 4186 805 4261 usurpentur.
822 4175 909 4249 Quod
923 4196 994 4240 vero
1034 4179 1190 4261 prosequi,
1210 4179 1386 4256 cogebatur,
1406 4197 1476 4257 rege
1491 4181 1636 4260 templum

1035 4263 1164 4325 intrante
1182 4272 1212 4325 et
1228 4282 1328 4335 coram
1341 4263 1421 4325 idolo
1435 4263 1593 4339 adorante,
1610 4262 1637 4323 id

428 4346 465 4415 (ll
485 4343 525 4398 Cf·
539 4343 693 4396 Th⁰⁰d⁰t⁰b
711 4341 777 4394 ΗΜ·
794 4344 877 4394 0040·
902 4341 949 4394 1ῑο-
969 4348 995 4408 22
1036 4355 1092 4424 est,
1114 4366 1146 4409 se
1166 4356 1385 4428 prosternente,
1405 4347 1470 4428 ipse
1489 4347 1579 4409 etiam
1591 4349 1637 4408 in·

393 4412 997 4548 tramit·„innatat,tottii
1258 4440 1292 4493 v
1326 4449 1412 4514 oui
1436 4431 1558 4493 vomu

394 4549 695 4618 otiainllortyrologium
708 4561 913 4600 vomanumouin
932 4549 998 4599 notis
1038 4525 1213 4613 Praestffset·
1243 4515 1303 4612 lam
1330 4534 1400 4612 Nem
1433 4517 1554 4597 Planum
1574 4523 1635 4586 '0⁵¹³

395 4619 507 4669 itanum.
1040 4601 1118 4662 liunc
1145 4609 1360 4663 incurvationis
1389 4609 1487 4677 aelium
1511 4620 1571 4662 non
1604 4597 1642 4660 ad

1207 873 1436 924 nime-tiaran.
