3700 5659
770 451 865 496 cteur
883 454 945 497 vm.
1257 440 1259 444 '
1382 446 1442 506 105

239 541 279 602 sit
299 557 333 600 ac
348 537 501 600 Christum
522 557 643 617 negare.
656 540 688 600 40
700 539 776 602 lliuc
793 559 840 602 re·
881 542 1007 622 adeptus
1016 552 1072 621 est,
1087 563 1147 607 non
1158 546 1358 628 impetrasset,
1376 552 1400 612 si
1416 571 1484 632 pro·

239 621 442 702 demptionem
474 623 691 702 persecutionis
715 643 840 704 perpe·
881 626 955 706 priis
979 627 1094 690 viribus
1115 630 1241 694 nimium
1275 634 1426 709 conlisus,
1452 637 1482 698 in

237 705 838 786 cuniamrocabatsupmortommma'om,
880 718 1107 789 persecutorum
1149 714 1280 796 impetus
1306 736 1340 778 se
1372 727 1485 784 temere

238 810 274 852 ac
294 789 330 851 de
349 787 480 869 quodam
504 785 616 850 Rutilio
644 800 774 870 martyre
792 792 840 852 lo·
881 792 1043 856 obiecisset
1059 796 1120 876 (3).

238 891 359 954 quens,
377 871 431 952 qui
453 881 521 953 post
550 882 753 954 comparatam
781 874 840 936 sibi

236 957 432 1019 securitatem
451 955 483 1016 in
501 956 676 1032 gravissima
693 965 841 1020 tormenta
1041 1003 1042 1006 κ
1064 964 1240 1012 PR⁰P081T10
1261 967 1291 1012 V·

235 1039 399 1116 inciderat,
423 1039 624 1115 conficiebat,
649 1040 681 1101 in
712 1060 838 1121 poenam
879 1049 919 1102 Ad
936 1054 1325 1124 declinandumperqecalioaom‚
1344 1063 1484 1109 animarum

237 1125 329 1200 fugae
348 1123 520 1204 permisisse
535 1123 628 1185 Deum
667 1133 701 1186 up
721 1125 841 1203 ignibus
912 1125 1158 1180 praesertimcurum
1180 1126 1326 1186 gerentibus,
1351 1130 1483 1189 aliquando

236 1208 386 1282 daretur,
406 1207 478 1286 quia
498 1170 681 1288 periculu'm’
702 1218 735 1269 u,
751 1218 840 1290 pupa-
915 1189 980 1246 licet,
992 1189 1123 1250 oliqriundo
1136 1206 1189 1240 vcro
1206 1193 1288 1254 fugere
1300 1209 1348 1241 uolt
1367 1195 1432 1244 licet.

237 1292 303 1368 bat,
325 1290 458 1352 nummis
472 1290 650 1352 redemisset
664 1291 725 1371 (l).
923 1290 997 1353 t3t.
1018 1291 1082 1356 Non
1096 1304 1210 1359 tantum
1225 1301 1343 1380 proprie
1354 1301 1390 1362 ad
1400 1322 1482 1382 prae-

277 1376 357 1436 433.
377 1374 450 1436 Nam
469 1375 599 1456 primum
630 1387 840 1451 argumentum
881 1384 967 1454 cepta
979 1377 1048 1439 fidei
1059 1381 1188 1459 pertinet
1201 1383 1354 1462 obligatio,
1376 1387 1445 1447 uel
1467 1421 1481 1434 ·

236 1458 332 1520 nimis
353 1457 470 1538 probat,
495 1457 629 1537 alioquin
652 1477 707 1520 nec
734 1479 839 1539 posse·
880 1457 973 1536 giant,
995 1465 1202 1542 perseeutione
1220 1467 1480 1532 saevienteeccle-

234 1562 307 1603 mus
323 1542 445 1622 quidem
464 1541 598 1616 sugeres
620 1544 778 1621 peste,·ab
795 1545 842 1605 in·
881 1541 995 1604 siastici
1019 1546 1086 1624 uiri,
1110 1549 1271 1629 praecipue
1287 1570 1357 1612 uero
1380 1563 1477 1632 pasto-

235 1625 840 1707 cnrsiouelatronum,aserisetc.,quia
881 1643 941 1702 res,
963 1629 1016 1690 sed
1033 1629 1071 1690 ad
1101 1641 1260 1714 praecepta
1291 1633 1424 1698 iustitiae
1452 1647 1480 1699 et

235 1729 338 1790 neque
358 1709 432 1770 haec
450 1707 565 1788 absque
593 1709 691 1770 divina
717 1709 839 1791 dispeu-
880 1709 1025 1773 earitatis.
1043 1711 1175 1783 ¹Quando
1207 1726 1365 1798 propterea
1394 1721 1485 1800 liceat

234 1794 356 1854 satione
375 1792 526 1859 eveniunt.
880 1811 975 1855 necne
994 1795 1032 1857 ab
1051 1797 1209 1873 ingruente
1231 1800 1430 1865 insectatione
1448 1811 1496 1866 se'

276 1877 355 1938 434.
366 1876 501 1937 Alterum
514 1894 583 1936 uero
595 1876 682 1954 lalso,
693 1885 727 1937 ut
741 1877 837 1957 aiunt,
880 1876 1070 1958 subtrahere,
1090 1881 1207 1944 desumi
1223 1883 1313 1946 dehet
1327 1906 1361 1948 ex
1377 1907 1477 1950 mune·

234 1961 395 2041 supposito
414 1959 565 2037 innititur,
581 1960 663 2040 quod
676 1960 791 2023 scilicet
802 1965 840 2024 A·
879 1979 924 2033 re,
943 1962 1023 2040 quod
1041 1964 1188 2045 quispiam
1205 1967 1292 2044 gerit,
1311 1988 1345 2029 ex
1357 1969 1479 2048 damno,

234 2043 350 2124 postoli
374 2042 562 2124 peccaverint
593 2044 657 2104 sola
691 2047 839 2108 materiali
880 2044 1479 2131 quodimminetlgregibusexlugasua,

235 2128 305 2204 luga
320 2128 386 2203 illa,
408 2127 461 2188 sed
475 2127 505 2186 in
519 2146 553 2187 eo
566 2128 837 2208 reprehenduntur,
879 2137 970 2207 atque
981 2147 1015 2190 eu
1033 2130 1161 2194 utilitate
1180 2152 1258 2213 quae
1272 2153 1308 2196 ex
1323 2154 1378 2198 sua
1396 2155 1478 2218 prae·

235 2211 321 2290 quod
332 2212 423 2272 talem
438 2210 624 2272 ostenderint
636 2210 837 2290 timiditatem,
879 2211 977 2273 sentia
996 2215 1176 2294 proveniret.

234 2304 399 2375 postquam
417 2295 448 2354 in
467 2295 631 2355 coenaculo
651 2305 709 2356 tam
733 2314 840 2372 magna
921 2296 996 2357 438.
1020 2295 1191 2379 Siquidem,
1223 2301 1317 2363 utait
1343 2302 1478 2366 Christus

234 2379 271 2439 de
291 2397 325 2440 se
341 2377 573 2460 pollicebantur.
879 2377 922 2440 lo.
935 2397 965 2456 x,
983 2381 1088 2444 ll·l3:
1109 2385 1212 2446 auom
1226 2394 1330 2463 postor
1345 2389 1478 2450 colatum

277 2463 355 2524 435.
372 2461 457 2532 Quod
473 2462 560 2522 tertio
575 2461 642 2522 loco
661 2461 782 2540 dicitur,
794 2465 841 2524 su·
878 2480 965 2524 soom
987 2467 1037 2526 dot
1057 2484 1114 2544 pro
1136 2469 1332 2532 collassais.
1362 2474 1478 2536 Merce-

233 2563 302 2622 gam
322 2546 354 2607 in
370 2545 581 2626 persecutione
616 2545 749 2628 arripere
768 2567 839 2628 per·
880 2548 986 2609 nortus
997 2557 1106 2626 autem,
1121 2559 1147 2614 et
1163 2554 1214 2629 qui
1227 2569 1289 2616 ooo
1307 2564 1349 2616 est
1360 2567 1476 2633 postor,

236 2628 306 2692 inde
326 2648 394 2692 asse
413 2647 449 2690 ac
476 2627 626 2691 Christum
652 2647 772 2708 negare,
805 2651 840 2693 ex
878 2631 1038 2694 cuirtsooo
1054 2642 1126 2696 suat
1148 2653 1215 2697 ovea
1228 2639 1380 2715 propriae,
1401 2641 1479 2702 videt

236 2732 271 2774 eo
301 2713 413 2776 lalsum
442 2712 555 2793 pariter
581 2713 837 2794 deprehenditur,
879 2713 984 2792 lupum
1004 2718 1192 2792 aculeatam,
1212 2729 1238 2782 at
1267 2722 1388 2782 dimittit
1413 2739 1478 2784 oves

235 2797 316 2876 quod
333 2797 398 2875 ille,
419 2796 471 2877 qui
495 2796 582 2874 sugit,
603 2796 712 2857 nedum
739 2807 836 2876 neget,
877 2805 905 2858 et
923 2799 1016 2878 [opib
1040 2809 1066 2861 et
1086 2801 1173 2879 lupus
1191 2805 1271 2881 rupit
1290 2813 1322 2865 et·
1335 2805 1477 2884 dispargit

237 2881 371 2942 ostendit
388 2899 421 2942 se
435 2879 516 2941 nolle
540 2880 689 2942 Christum
711 2899 836 2958 negara3
878 2898 959 2954 ooes;
970 2886 1173 2948 mercenariae
1191 2895 1292 2948 autem
1310 2888 1389 2966 sapit
1406 2890 1478 2966 quio

235 2965 374 3045 alioquin
394 2963 519 3026 minime
533 2964 659 3042 sugeret.
681 2961 767 3036 Quod
793 2967 838 3026 vel
875 2967 1080 3028 mercenarius
1097 2976 1151 3043 est,
1167 2978 1193 3031 et
1208 2988 1270 3031 ooo
1285 2971 1416 3048 pertinet
1439 2974 1478 3034 od

236 3047 300 3129 ipse
314 3048 521 3110 Tertullianus
545 3047 618 3109 alibi
639 3047 730 3109 lateri
756 3047 838 3110 visus
876 3064 945 3110 cam
965 3050 999 3112 de
1024 3051 1138 3113 ovibus.
1174 3052 1390 3114 Animaduertit
1418 3074 1477 3116 au·

237 3141 300 3204 est,
318 3132 474 3194 scribens:
493 3132 598 3194 Etiam
616 3132 650 3192 io
660 3134 838 3210 persecutio·
878 3131 940 3194 tem
958 3151 983 3194 s.
1004 3131 1147 3212 Thomas,
1167 3136 1240 3198 haec
1264 3137 1354 3198 verba
1373 3138 1478 3218 expla-

236 3217 325 3278 aihos
343 3217 451 3278 melios
462 3224 501 3277 est
514 3232 553 3277 eor
568 3216 714 3293 permissu
733 3217 839 3296 fogere
877 3234 965 3293 nans,
979 3215 1088 3280 dixisse
1106 3217 1269 3282 Christum:
1283 3221 1372 3301 Fugit
1387 3231 1414 3284 et
1426 3223 1477 3284 di-

237 3299 272 3360 de
288 3301 407 3379 oppido,
428 3316 516 3379 quom
529 3298 737 3378 comprehendi
748 3308 774 3360 et
791 3301 837 3362 di·
876 3301 972 3364 mittit
989 3319 1063 3379 oues,
1081 3302 1153 3381 quia
1167 3303 1192 3364 si
1207 3313 1309 3384 pastor
1325 3304 1476 3368 interdum

235 3392 361 3445 stortum
379 3382 520 3464 cepere(
542 3382 569 3462 ).
876 3382 1478 3468 lugiat‚utseincommodiustempusre·

277 3468 350 3528 436.
372 3466 485 3528 Iniuria
500 3465 621 3528 demum
634 3466 735 3541 lugam
751 3484 837 3528 num·
876 3476 984 3544 seruet,
998 3477 1027 3530 et
1040 3469 1160 3532 interim
1177 3489 1237 3532 non
1249 3471 1379 3534 dimittat
1393 3492 1474 3548 oves,

237 3551 361 3613 mariam
388 3549 503 3611 vocavit
522 3548 758 3630 redemptionem
780 3569 834 3628 pe·
876 3550 929 3610 sed
947 3570 1000 3630 per
1020 3551 1096 3613 alios
1117 3552 1177 3613 illis
1203 3555 1386 3616 sufficienter
1402 3575 1477 3634 pru-

237 3635 325 3696 cunia
342 3633 402 3696 sibi
422 3632 642 3713 comparatam
676 3652 745 3694 nam
778 3633 834 3694 hoc
875 3633 985 3710 videat,
999 3653 1058 3696 non
1072 3653 1103 3696 se
1122 3637 1198 3712 gerit
1215 3646 1247 3697 ut
1258 3639 1474 3714 mercenarius,

236 3707 318 3797 ipso,
340 3717 394 3798 qui
423 3718 464 3778 ita
486 3735 518 3777 se
543 3715 641 3794 gerit,
664 3716 832 3796 patefacit,
875 3727 1090 3796 nequecoutra
1105 3719 1182 3780 hauc
1197 3719 1409 3797 obligationem
1425 3721 1477 3782 de·

238 3801 328 3879 pluris
346 3803 447 3862 lacere
465 3800 552 3861 iidem
569 3818 659 3878 quam
676 3800 832 3879 pecuniam
874 3799 984 3880 linquit
999 3802 1059 3882 (4).
1088 3800 1185 3872 Quum
1204 3822 1273 3864 vero
1294 3805 1396 3884 plures
1421 3823 1475 3866 va·

236 3902 270 3944 ac
286 3884 470 3946 substautias
489 3883 581 3944 huius
597 3882 722 3944 saeculi.
748 3881 834 3954 Quod
875 3884 974 3964 riique
1009 3905 1097 3948 casus
1126 3886 1299 3964 contingere
1335 3888 1473 3965 soleant,

237 3984 302 4028 vero
316 3969 425 4030 attinet
441 3967 480 4028 ad
494 3975 760 4028 commemoratum
774 3967 836 4028 llu-
874 3987 951 4047 quos
970 3969 1050 4030 baud
1067 3969 1109 4030 ita
1127 3969 1214 4032 facile
1231 3971 1318 4032 estin
1334 3971 1416 4051 praui
1429 3991 1478 4034 re-

238 4049 342 4129 tilium,
359 4050 543 4112 contrarium
557 4050 656 4130 potius
671 4049 779 4110 evincit
795 4049 832 4111 ab
873 4052 1007 4129 solvere,
1044 4071 1070 4113 s.
1090 4052 1275 4129 Augustinus
1298 4053 1328 4116 in
1349 4055 1478 4135 epistola

237 4151 281 4210 eo,
303 4135 384 4216 quod
412 4133 471 4195 sibi
490 4133 647 4214 proposuit
668 4131 831 4195 Tertullia-
873 4134 946 4212 338,
971 4154 1049 4215 quae
1067 4137 1166 4199 estad
1190 4137 1374 4200 Honoratum
1406 4139 1475 4218 epi-

239 4231 300 4279 uus:
317 4217 428 4282 etenim
448 4217 512 4298 ipse
530 4218 657 4278 tortasse
674 4216 743 4278 lidei
762 4236 833 4278 con·
872 4236 1009 4298 scopum,
1026 4221 1195 4300 praeclaras
1208 4223 1325 4300 regulas
1337 4222 1473 4302 praebet,

239 4302 374 4365 stantiam
393 4310 425 4363 et
435 4300 568 4381 martyrii
580 4319 724 4362 coronam
742 4320 830 4381 quam
872 4321 947 4382 quas
966 4303 1015 4364 hic
1033 4303 1224 4366 subiicimus.

266 4434 301 4501 (4)
319 4436 347 4486 ln
361 4435 408 4486 lib.
422 4435 467 4485 cit.
482 4436 518 4484 De
534 4436 592 4497 {uqa
610 4439 635 4484 ia
656 4437 829 4498 persecutione.
871 4432 998 4484 Rutilium
1026 4437 1205 4484 sanctissimum
1231 4443 1391 4500 martyrem,
1427 4437 1482 4502 qui>

265 4503 301 4569 (2)
313 4502 369 4554 Lib.
385 4511 393 4554 t
409 4502 453 4555 Aa
464 4517 538 4552 ocor.
556 4517 612 4567 cap.
627 4507 660 4561 5,
677 4500 718 4551 ed.
731 4502 827 4568 Rigalt.
870 4502 971 4552 fortiter
988 4499 1050 4552 adeo
1068 4502 1135 4568 ignis
1152 4502 1310 4568 supplicium
1328 4513 1483 4568 superauit.¹
1588 4580 1589 4584 Ἰ

265 4571 300 4639 (5)
318 4574 383 4622 Sane
411 4570 452 4623 rel
481 4570 536 4636 ipse
561 4567 737 4639 Tertullianus
755 4580 827 4620 vocat
905 4571 943 4637 (4)
962 4568 1032 4620 Lect.
1055 4568 1211 4620 5inloann.

1347 4664 1380 4731 '5
