3700 5659
406 415 467 479 {32
929 430 967 476 ur:
985 431 1052 476 rme

405 523 479 588 Cum
512 530 613 585 tamen
649 539 710 584 non
739 540 844 585 ornnes
863 522 968 586 eodem
1010 522 1175 587 hilomiuus
1189 522 1345 607 desperata
1359 545 1485 610 prorsus
1497 549 1556 593 non
1569 541 1608 595 est

367 609 500 672 malitiae
527 607 621 683 gradu
656 616 809 688 apostatae
829 615 968 688 peccent,
1011 627 1115 670 eorum
1134 609 1353 692 resipiscentia,
1375 631 1431 674 nec
1448 633 1546 694 pauca
1561 618 1608 678 de-

366 712 429 755 nou
443 692 497 754 abs
510 709 544 754 re
559 689 617 753 crit
633 689 766 754 diversos
783 691 839 753 hos
859 691 971 769 medus
1011 701 1082 754 sunt
1099 691 1249 756 eiusmodi
1266 696 1496 778 resipiscentiae
1515 716 1608 761 exem·

368 775 564 859 perpendere,
582 774 664 857 quod
681 784 746 838 erat
763 794 796 838 ex
820 776 971 856 praemis·
1012 778 1073 858 pla,
1094 785 1127 838 ut
1144 786 1249 840 notum
1269 788 1325 841 est.

369 861 412 923 sis
429 859 562 923 secundo
576 859 643 920 loco
660 859 885 941 praestandum.
1056 861 1129 924 536.
1143 859 1244 941 Longe
1260 862 1346 943 peior
1360 881 1465 926 eorum
1486 865 1609 928 conditio

1014 951 1070 1024 est,
1087 945 1139 1026 qui
1151 963 1183 1008 se
1193 945 1367 1010 adscribunt
1381 948 1608 1027 sectissecretis,

634 1011 649 1092 ἓ
668 1009 706 1072 ῙῙ·
1015 1025 1143 1109 quarum
1161 1048 1269 1112 scopus
1286 1039 1331 1093 cst
1352 1030 1469 1094 eversio
1495 1033 1610 1111 religio-

364 1112 448 1169 ‘l'arit
463 1121 616 1168 reametur
636 1121 748 1168 moratiue
767 1122 859 1181 orcus·
874 1135 975 1183 emm,
1015 1112 1062 1173 nis
1081 1113 1246 1176 catholicae
1263 1133 1317 1176 seu
1336 1115 1565 1194 christianismi,
1583 1137 1611 1180 ac

404 1184 653 1267 iosjnoppuuuam
669 1188 843 1244 otrtmouoe
857 1191 977 1254 oorpre-
1014 1197 1102 1274 vulgo
1135 1198 1447 1278 praecommendata,
1472 1202 1611 1264 corbone-

392 1258 506 1349 5¹“‘⁸⁹“''¹
518 1255 675 1304 mm
1015 1281 1093 1356 ricc,
1110 1281 1362 1362 illuminatorum,
1383 1283 1549 1347 aliarumve
1566 1303 1611 1365 ap-

416 1365 489 1426 534.
509 1363 543 1426 ln
557 1365 606 1428 his
623 1365 769 1442 gradibus
785 1368 977 1431 recensendis
1017 1364 1212 1444 pellationum
1229 1366 1421 1429 nominantur
1433 1367 1495 1449 (l).
1508 1367 1610 1430 Harun.

372 1456 528 1530 respectus
550 1449 706 1511 habendus
724 1459 771 1513 est
791 1471 851 1513 non
879 1454 977 1516 solum
1017 1447 1092 1509 socii
1121 1448 1152 1510 in
1180 1449 1278 1512 varios
1296 1451 1484 1514 hierarchiae
1503 1499 1511 1530 ‚
1531 1459 1564 1513 ut
1579 1453 1612 1514 ita
1665 1495 1666 1504 1

374 1533 412 1594 ad
424 1533 620 1595 subiectiram
631 1533 724 1595 animi
735 1534 976 1617 dispositionem,
1019 1532 1129 1608 dicam,
1148 1533 1257 1612 gradus
1275 1533 1510 1614 distribuuntur,
1532 1554 1565 1596 ac
1582 1557 1612 1596 u-

375 1634 455 1696 quae
473 1617 531 1678 soli
543 1617 603 1680 lieo
616 1626 708 1699 patet,
724 1619 778 1681 sed
789 1617 979 1702 potissimum
1019 1616 1322 1698 nusquisquegradus
1337 1638 1392 1680 sua
1404 1638 1533 1682 munera
1548 1619 1612 1680 obit.

375 1700 415 1762 ad
443 1701 620 1763 obieetivam
650 1720 704 1766 seu
731 1712 821 1785 prout
845 1724 878 1767 se
896 1712 980 1767 exte·
1020 1697 1130 1762 Omnes
1149 1701 1287 1763 horribili
1306 1711 1450 1784 apparatu
1468 1703 1500 1764 in
1511 1711 1612 1765 sectam

376 1783 442 1846 rius
459 1785 649 1864 manifestat,
669 1787 773 1850 habita
787 1788 905 1852 ratione
922 1789 979 1868 rei,
1021 1792 1208 1864 cooptantur,
1229 1784 1338 1868 hisque
1357 1787 1551 1869 praecipitur,
1570 1797 1612 1864 ut,

377 1867 415 1930 de
432 1887 493 1949 qua
517 1869 638 1949 agitur,
658 1879 710 1933 aut
728 1871 907 1951 societatis,
933 1873 982 1936 cui
1022 1867 1059 1928 de
1091 1867 1202 1949 quibus
1233 1879 1350 1933 secreto
1387 1871 1613 1952 colloquuntur,

377 1970 490 2014 nomen
503 1951 601 2032 datur,
612 1955 811 2036 vinculorum,
823 1957 935 2039 quibus
950 1975 983 2020 so
1024 1951 1264 2014 habeantsecum
1280 1953 1417 2034 nullique
1428 1954 1540 2017 dicant.
1550 1953 1614 2016 Gra·
1666 1955 1667 1968 ¹

378 2035 493 2117 aliquis
512 2037 692 2118 obstringit,
719 2040 805 2120 finis,
832 2041 871 2104 ad
893 2060 983 2124 quom
1022 2034 1178 2097 vissimum
1193 2036 1315 2115 erigunt
1328 2037 1551 2115 iusiurandum,
1567 2038 1616 2099 sin·

380 2120 537 2199 tenditur,
556 2123 747 2203 mediorum,
773 2143 851 2206 quae
876 2125 908 2188 in
926 2145 985 2190 usu
1024 2119 1085 2197 guli
1103 2138 1156 2200 pro
1184 2119 1299 2184 viribus
1331 2129 1430 2184 sectae
1450 2121 1577 2184 tuendae
1594 2129 1616 2182 et

380 2203 614 2284 adsciscuntur,
645 2215 877 2291 ceterorumque
905 2210 987 2273 eius·
1026 2203 1235 2286 propagandae
1258 2204 1457 2285 adlaboranl3
1479 2224 1572 2286 quare
1593 2205 1618 2264 hi

381 2288 464 2350 modi
492 2288 730 2369 emunctorum,
758 2311 837 2372 quae
854 2293 987 2356 indolem
1027 2287 1157 2369 scriptis,
1187 2288 1326 2370 pecunia,
1346 2290 1513 2370 patrocinio
1531 2298 1619 2352 sectae

383 2372 567 2454 patefaciunt
581 2374 721 2454 specialis
739 2376 890 2457 malitiae,
911 2396 989 2460 quae
1028 2380 1097 2432 aunt
1112 2389 1219 2449 magno
1237 2372 1317 2452 usui,
1332 2371 1377 2434 illi
1392 2372 1574 2455 persuadent
1582 2391 1620 2434 re·

383 2456 464 2517 inest
478 2457 647 2538 apostasiae
661 2459 818 2540 peculiari.
1028 2453 1116 2533 gibus
1139 2463 1168 2517 et
1186 2455 1438 2538 imperatoribus,
1456 2465 1490 2520 ut
1507 2456 1620 2519 maioris

428 2540 502 2602 535.
526 2539 620 2602 Porro
639 2542 666 2604 si
684 2561 783 2606 sermo
802 2544 842 2607 sit
859 2543 896 2608 do
913 2544 991 2608 indi.
1030 2538 1168 2601 utilitatis
1186 2540 1287 2622 specie
1318 2541 1489 2623 perniciosa
1506 2540 1622 2604 consilia

384 2623 498 2686 viduali
512 2624 641 2688 alicuius
657 2645 771 2704 errore,
788 2637 840 2692 aut
853 2628 992 2693 incredu·
1030 2622 1161 2704 capiant,
1179 2623 1230 2686 isli
1245 2623 1422 2688 seditionem
1439 2625 1563 2703 iaciunt,
1577 2624 1622 2686 mi·

385 2708 471 2770 litate
488 2707 520 2769 in
539 2727 649 2788 genere
675 2719 820 2793 spectata,
840 2721 893 2776 aut
909 2714 992 2776 iuxta
1031 2706 1099 2768 lites
1118 2707 1312 2771 conscribunt
1329 2717 1359 2772 et
1376 2709 1456 2772 bella
1475 2716 1590 2788 gerunt.

385 2791 551 2855 recensitas
565 2793 815 2876 modificationes,
829 2797 993 2880 unusquis·
1075 2791 1148 2852 537.
1168 2791 1262 2870 igitur
1286 2792 1355 2874 quis
1372 2793 1431 2855 nisi
1448 2798 1557 2856 caecus
1573 2811 1623 2854 non

387 2895 446 2957 que
472 2877 629 2957 intelligit,
646 2880 756 2942 minori
767 2881 859 2946 ‘illum
878 2882 994 2945 malitia
1032 2873 1141 2953 videbi,
1161 2877 1350 2939 ⁵0⁰1³S⁰¹¹1¹¹5
1368 2877 1483 2960 ifflleffl
1500 2877 1620 2953 seffiflb

389 2961 530 3024 laborare
544 2980 617 3042 prae
638 2965 717 3044 aliis,
739 2967 791 3047 qui
812 2966 844 3028 in
862 2967 995 3030 societa-
1035 2965 1068 3020 ul
1086 2959 1266 3022 caihOlicam
1298 2961 1457 3046 ecclesiam
1476 2969 1620 3036 evertant,

390 3057 451 3106 tem
469 3050 578 3107 cedunt
596 3046 634 3108 ad
647 3067 780 3111 errorem
795 3050 997 3114 autinorodu-
1035 3050 1065 3104 et
1090 3042 1345 3108 christianismum
1372 3045 1546 3128 extirpent‘l
1571 3045 1621 3106 Ino

391 3127 507 3189 litatem
526 3147 560 3190 er
578 3131 713 3210 professo
733 3133 945 3198 adstruendam
961 3154 996 3197 ao
1035 3125 1066 3188 in
1081 3127 1233 3190 nonnullis
1256 3137 1404 3192 sectarum
1423 3129 1561 3192 coetibus
1585 3146 1623 3190 res

392 3209 660 3276 disseminandam.
700 3216 818 3278 Etenim
859 3217 997 3299 quamvis
1037 3210 1111 3272 adea
1138 3227 1296 3293 progressa
1324 3221 1394 3292 est,
1426 3220 1461 3276 ul
1482 3212 1582 3276 odium
1601 3213 1623 3272 ia

392 3293 451 3356 iste
472 3295 647 3371 gravissime
663 3308 767 3380 peccet
781 3319 816 3362 ao
833 3319 903 3364 reus
921 3321 996 3364 con·
1037 3293 1131 3356 Deum
1163 3303 1193 3357 et
1209 3295 1359 3360 Christum
1388 3296 1454 3359 eius
1473 3297 1623 3379 profitean-

393 3377 535 3441 stituatur
543 3379 686 3445 facinoris
697 3383 922 3463 flagitiosissimi
934 3392 997 3449 tum
1037 3386 1086 3440 tur
1104 3386 1194 3459 atque
1212 3380 1446 3444 abominabilem
1471 3380 1623 3444 execratio-

392 3481 496 3525 coram
515 3461 599 3544 Deo,
616 3474 678 3529 tum
698 3486 799 3530 coram
819 3469 946 3533 ecclesia
963 3488 999 3533 ac
1038 3480 1106 3537 aaa]
1128 3463 1188 3544 (a).
1216 3463 1279 3526 Hoc
1306 3473 1340 3528 ul
1365 3464 1528 3546 plurimum
1548 3463 1623 3526 disai-

392 3546 561 3628 societate,
592 3568 683 3631 quam
713 3552 854 3617 seandalo
879 3553 996 3634 laedit,
1039 3547 1165 3626 molant,
1182 3565 1219 3611 ne
1234 3545 1384 3630 publicam
1403 3548 1622 3626 indignationem

393 3630 595 3696 nihilominus
613 3635 733 3699 facilius
742 3637 920 3720 resipiscere
936 3647 1000 3722 pot·
1038 3629 1205 3710 incurrant,
1223 3633 1356 3712 mysterii
1378 3643 1411 3696 se
1425 3634 1572 3718 velamine
1587 3639 1623 3693 te-

387 3713 465 3793 terit,
481 3719 658 3798 praesertim
674 3719 700 3782 si
715 3730 769 3784 aut
784 3722 1000 3805 cupiditatibus
1038 3723 1123 3793 gunt3
1141 3723 1182 3795 at,
1196 3735 1263 3778 cum
1275 3735 1341 3780 sese
1353 3717 1412 3779 illis
1421 3717 1541 3780 occasio
1554 3715 1624 3779 obtu·

388 3797 536 3878 illectus,
553 3808 605 3864 aut
618 3821 709 3884 prava
725 3804 872 3870 libromm
891 3806 1000 3870 lectio·
1040 3798 1132 3876 larii,
1154 3800 1235 3881 qll⁰d
1260 3800 1342 3864 inlus
1370 3797 1522 3880 sentiunt,
1542 3801 1623 3884 P³¹³¹¹¹

389 3885 1001 3970 ine,autcolloquiispratisinbarathrum
1040 3882 1196 3966 proferant
1212 3884 1273 3965 (3)·
1287 3885 1398 3966 Ecquis
1417 3886 1473 3949 has
1491 3891 1624 3969 apostatas

391 3963 474 4027 *iilud
491 3965 625 4032 deiectus
642 3971 744 4034 tuerit.
771 3973 1000 4059 Difficilissqui-
1040 3986 1101 4030 non
1121 3967 1228 4030 dixerit
1246 3970 1367 4032 maximi
1386 3970 1500 4052 peccati
1514 3968 1598 4033 roos?

393 4046 467 4110 dem
485 4050 643 4116 ethorum
661 4058 816 4120 conversio
834 4060 1003 4140 evadit,ni·
1084 4051 1157 4114 538·
1184 4053 1322 4116 Proxime
1349 4053 1388 4116 ad
1416 4073 1469 4116 aas
1495 4052 1625 4116 acaadanl

435 4165 475 4233 (t)
493 4165 531 4218 n„
555 4168 650 4236 quibui
675 4172 764 4226 videro
787 4185 824 4229 ω,
841 4179 1007 4245 Mamm.
1042 4135 1211 4198 socialistae
1240 4148 1270 4198 et
1286 4139 1506 4200 communistae
1523 4154 1624 4199 nuncu·

393 4235 464 4304 :opus
482 4232 519 4286 ¹1ss
539 4237 779 4307 frssn0·mafmlme
790 4242 854 4297 dam
871 4262 900 4296 w
911 4246 1004 4298 persta.
1042 4219 1114 4302 pati,
1135 4239 1262 4302 quorum
1279 4221 1416 4304 plerique
1436 4221 1473 4286 ad
1487 4236 1625 4284 enumera·

391 4303 436 4352 tblc
455 4308 622 4367 ornatricalion
637 4325 685 4372 por
696 4310 774 4362 ueto
785 4316 880 4364 trodutt
898 4317 926 4364 dc
939 4313 1005 4368 l’Al-

392 4373 499 4423 ‘temone
521 4378 545 4423 ct
574 4379 804 4449 considerobbmmt
831 4382 959 4444 ouqmeatd
976 4387 1004 4434 dc
1075 4385 1113 4454 (ἲ)
1137 4383 1241 4438 Praeter
1264 4393 1394 4440 auctorem
1417 4389 1464 4441 cit.
1487 4386 1526 4440 Cf.
1542 4385 1624 4453 *Stortn

392 4436 696 4514 'decemmlchicton'paes
716 4451 797 4498 carlo
819 4451 1003 4516 puae-mocon·
1042 4457 1168 4518 dottrtna,
1195 4471 1207 4505 c
1236 4471 1306 4520 scopo
1330 4459 1402 4517 detto¹
1417 4452 1623 4520 [rorornoamacria-

399 4510 599 4576 uertcfronpoa'cc
612 4530 658 4580 par
670 4512 825 4585 l'rbchyr,
837 4516 1002 4587 tiegetout,
1043 4517 1154 4579 Vienna,
1174 4524 1250 4574 l8dl.
1427 4515 1486 4530 ’””’
1522 4517 1528 4522 ”

400 4573 501 4629 duobus
519 4579 653 4634 vobin-8.
701 4593 707 4609 ¹
1078 4591 1115 4660 (5)
1139 4588 1205 4642 ibid.
