3700 5659
764 541 913 586 cararia.
1363 537 1422 600 119

214 633 349 695 moralis.
366 631 501 694 funditus
520 631 635 693 evertit.
661 631 750 712 Atqui
775 642 821 696 ta·
840 634 1115 724 phaeresesemnes'
1127 640 1279 702 communi
1295 641 1466 709 Protestan-

215 720 255 779 lis
274 727 322 779 est
340 716 613 798 protestantismus.
634 715 722 792 Ergo.
862 719 942 780 tismi
961 722 1107 782 vocabulo
1127 725 1297 788 nominatae
1318 728 1463 807 luissent,

260 803 338 864 494.
356 801 398 862 lle
417 800 524 861 maiori
540 800 745 881 propositione
759 822 823 863 am·
862 805 1113 883 quemadmodum
1136 808 1193 869 hoc
1213 819 1346 892 tempore
1365 816 1468 876 reler-

216 887 323 964 bigere
347 903 435 946 nemo
463 892 581 964 potest,
610 903 677 945 cum
701 887 822 966 propria
864 889 946 963 mati,
964 889 1145 968 zuinglium,
1161 890 1323 972 Sociniani‚
1342 897 1464 960 Anaba-

216 970 370 1031 evidentia
388 969 512 1044 fulgeat.
526 967 631 1049 ltaque
644 970 708 1030 sola
725 971 823 1032 minor
862 973 981 1051 ptistae,
995 973 1216 1038 llarhistaeetc.
1229 981 1381 1041 cummuni
1397 1003 1465 1063 pro-

215 1053 383 1116 evincenda
404 1061 566 1133 superest;
596 1053 639 1114 sic
666 1073 735 1114 vero
755 1073 820 1116 eam
863 1057 1041 1118 testantismi
1067 1059 1187 1121 nomine
1213 1065 1412 1142 appellantur.
1434 1068 1468 1128 1-

215 1158 272 1218 pcr
291 1146 392 1218 partes
411 1137 545 1214 singulas
562 1136 760 1200 ostendimus.
862 1140 929 1200 dem
950 1142 1094 1219 contingit
1114 1144 1290 1208 haeresibus
1309 1149 1466 1223 erunibus,

256 1224 336 1284 495.
366 1221 424 1282 Per
451 1221 728 1301 protestantismum
764 1223 821 1284 tale
863 1225 985 1303 quaein
1006 1235 1157 1306 posterum
1188 1230 1347 1306 excogitari
1382 1245 1466 1314 pote·

215 1306 363 1368 constitui
384 1305 577 1386 principium,
599 1325 658 1385 quo
682 1308 822 1368 haereses
862 1317 943 1368 rainl.
963 1309 1035 1370 Nam
1057 1330 1161 1372 omnes
1179 1323 1359 1392 protestatae
1382 1329 1462 1395 sunt,

215 1410 326 1452 omnes
343 1390 405 1452 sive
428 1390 606 1469 praeteritae
634 1390 696 1451 sive
732 1409 821 1470 prae·
862 1401 1081 1471 protestantur,
1099 1415 1133 1456 ac
1152 1399 1398 1477 protestabantur
1414 1404 1466 1464 ad-

215 1485 337 1550 sentes,
356 1474 418 1535 sive
437 1474 556 1535 futurae
574 1475 820 1549 cohonestentur,
862 1494 965 1538 versus
1000 1477 1164 1541 doctrinam
1198 1490 1228 1542 et
1257 1484 1465 1548 auctoritatem

214 1569 321 1640 aperta
333 1577 382 1620 res
396 1566 452 1619 est.
472 1555 625 1637 Siquidem
641 1558 821 1639 principium
862 1560 1014 1623 Ecclesiae
1047 1581 1064 1623 a
1092 1563 1152 1624 Deo
1183 1566 1330 1629 salvatore
1362 1579 1467 1632 nostre

215 1643 457 1718 fundamentale,
478 1642 702 1703 constitutivum
721 1651 750 1704 et
770 1661 821 1704 es·
862 1645 1054 1707 constitutae.
1088 1646 1165 1723 Ergo
1199 1648 1468 1716 Pretestantismus

215 1728 346 1788 sentiale
368 1726 603 1806 protestantismi
629 1735 674 1786 est
698 1726 822 1788 libertas
862 1728 1004 1790 absorbet
1023 1730 1168 1812 principie
1189 1751 1244 1793 suo
1268 1735 1409 1799 haereses
1431 1759 1467 1799 o-

216 1809 581 1883 absolutaexaminis,ita
593 1810 823 1890 utquilibetins
864 1831 948 1874 mnes
966 1815 1155 1893 praeteritas,
1177 1829 1350 1896 praesentes
1369 1841 1403 1882 ac
1423 1824 1468 1884 lu-

215 1894 367 1957 habeatri
383 1893 517 1956 eiusdem
529 1894 678 1955 libertatis
689 1895 823 1956 sectandi
863 1903 958 1973 turas;
979 1907 1025 1959 est
1037 1899 1161 1977 abyssus
1180 1900 1296 1981 absque
1315 1904 1420 1983 fundo,
1436 1908 1465 1967 in

216 1980 373 2060 preprium
388 1978 534 2058 privatum
553 1978 718 2055 iudicium,
735 1979 824 2040 illud·
864 1999 953 2060 quam
970 1982 1110 2044 haereses
1128 2003 1232 2046 omnes
1244 1987 1418 2050 dilabuntur
1433 2011 1468 2052 ac

217 2083 279 2142 que
297 2062 479 2144 opponendi,
499 2063 591 2126 immo
607 2081 677 2124 vero
694 2071 822 2144 etprae-
863 2065 1071 2146 praecipitant.

217 2147 336 2208 ferendi
348 2147 520 2208 auctoritati
536 2147 688 2208 Ecclesiae
699 2147 823 2208 unirer·
905 2149 979 2210 496.
996 2149 1098 2230 Neque
1110 2150 1274 2233 dicatquis,
1292 2153 1386 2216 biblia
1399 2174 1472 2217 con-

219 2251 284 2293 sae.
298 2231 393 2292 Porro
405 2231 554 2292 eiusmodi
563 2231 743 2311 principium
756 2231 824 2293 hae·
864 2232 989 2294 stituere
1004 2236 1137 2312 regulam
1162 2237 1395 2316 credendorum,
1417 2260 1470 2301 er-

217 2335 303 2377 reses
318 2335 435 2388 omnes,
457 2324 525 2376 utut
541 2315 650 2396 impias
665 2324 695 2376 et
713 2316 823 2376 absur-
864 2335 1010 2397 roresque
1034 2338 1069 2379 ex
1097 2319 1351 2400 interpretationis
1369 2325 1467 2386 abusu

219 2401 295 2477 das,
328 2401 551 2475 cohonestare,
585 2399 690 2460 exinde
719 2407 822 2480 patet,
865 2411 947 2462 ortos
967 2421 1053 2480 esse,
1078 2413 1169 2483 atque
1192 2407 1312 2467 nonnisi
1339 2405 1470 2487 Spiritus

221 2485 303 2564 quod
318 2485 404 2545 nulla
418 2483 552 2545 haeresis
570 2492 634 2544 orta
652 2484 702 2560 sit,
724 2493 823 2544 auto·
865 2485 961 2546 sancti
984 2486 1187 2549 illustratione
1201 2489 1311 2552 dehere
1331 2489 1469 2572 Scriptu-

220 2569 275 2629 riri
295 2569 392 2649 possit
403 2577 613 2650 praeterquam
632 2586 666 2628 ex
678 2587 725 2644 eo,
744 2568 825 2647 qued
864 2587 914 2630 ras
954 2569 1091 2647 intelligi.
1130 2571 1221 2650 Nam,
1258 2584 1468 2656 praeterquam

220 2653 355 2734 privatus
374 2653 501 2732 quilibet
517 2653 659 2733 placitum
673 2671 760 2712 suum
780 2671 827 2713 se·
865 2653 947 2732 quod
963 2655 1102 2715 recensiti
1120 2656 1264 2718 haeretici
1288 2677 1392 2720 omnes
1418 2661 1472 2721 Ei-

223 2737 298 2799 ctari
313 2736 444 2798 voluerit
458 2737 599 2798 adversus
611 2736 762 2798 Ecclesiae
774 2736 826 2797 do·
866 2737 927 2798 blia
940 2745 1080 2818 tanquam
1097 2741 1231 2818 regulam
1242 2743 1299 2802 sibi
1314 2744 1470 2824 propriam

223 2823 349 2883 ctrinam
370 2830 400 2883 et
418 2821 634 2899 magisterium.
651 2820 711 2880 llac
730 2820 825 2881 ratio·
866 2821 1054 2883 adsciverunt
1071 2823 1108 2883 ad
1123 2841 1194 2885 snos
1209 2843 1326 2886 errores
1343 2829 1469 2887 commi·

223 2927 272 2984 ne,
293 2904 824 2985 Simonemagoduce,prndiitgn0-
866 2904 1025 2966 niscendos
1056 2914 1146 2985 atque
1172 2908 1351 2988 fulciendos,
1374 2910 1471 2971 Biblia

223 2991 378 3055 sticismns
404 3009 472 3050 cum
500 2989 640 3051 omnibus
673 2988 827 3049 divisioni·
866 2987 931 3068 ipsa
950 2989 1100 3050 obiectum
1121 3000 1191 3052 sunt
1217 2992 1381 3070 examinis,
1408 2996 1472 3055 sere

225 3075 281 3135 bus
314 3075 396 3152 suis,
418 3093 496 3154 quae
526 3075 704 3135 innumerae
733 3092 826 3153 prope
867 3091 971 3133 omnes
991 3073 1059 3134 libri
1079 3093 1225 3138 ecanone
1241 3076 1387 3138 eliminati
1400 3090 1472 3139 sunt

223 3170 291 3220 sunt
307 3160 372 3240 (l);
392 3159 535 3235 originem
558 3157 662 3218 habuit
688 3157 827 3218 sabellia-
866 3157 1054 3218 aratoribus
1089 3159 1249 3222 haereticis
1267 3161 1327 3240 (E).
1352 3161 1471 3224 Recen-

223 3240 352 3316 nismus,
370 3243 447 3303 duce
464 3242 607 3318 Sabellio,
625 3240 824 3317 arianismus,
868 3240 959 3302 tiores
977 3250 1175 3322 protestantes
1194 3253 1256 3306 tum
1280 3245 1413 3324 integros
1432 3248 1472 3307 li-

225 3329 419 3405 antesignano
441 3327 534 3404 hri03
556 3325 824 3401 nestorianismus,
867 3324 950 3402 bros,
968 3335 1032 3386 tum
1048 3326 1163 3402 integra
1182 3329 1290 3409 capita,
1319 3338 1381 3391 tum
1401 3350 1470 3391 ver-

225 3412 378 3474 innentore
397 3411 547 3486 Nestorio,
569 3410 655 3470 etita
674 3427 764 3489 perro
789 3431 826 3470 u·
867 3408 993 3485 siculos,
1014 3419 1102 3490 prout
1120 3412 1192 3491 ipsis
1208 3413 1331 3492 placuit,
1349 3433 1469 3476 ecensu

226 3515 298 3576 sque
317 3497 354 3558 ad
371 3495 621 3557 lutheranismum
644 3502 674 3554 et
696 3512 827 3554 mormo-
867 3493 1047 3574 scriptorum
1085 3495 1335 3576 agiographorum
1368 3517 1472 3560 erase-

225 3583 368 3642 nismum.
391 3578 578 3660 Quapropter
592 3578 618 3638 si
636 3577 667 3637 in
683 3577 756 3638 vivis
771 3577 827 3640 ad·
867 3585 958 3653 runt;
979 3577 1116 3657 plerique
1135 3598 1239 3640 omnes
1257 3579 1301 3640 vel
1315 3580 1410 3660 ipsam
1427 3582 1472 3642 in-

226 3665 283 3726 huc
307 3674 415 3743 agente
440 3663 584 3740 Simone,
606 3663 826 3723 haereticorum
868 3659 1061 3740 spirationem
1081 3661 1206 3741 eiusque
1232 3663 1393 3738 genuinam
1414 3685 1473 3725 no-

227 3751 359 3811 omnium
374 3758 510 3830 parente,
529 3748 588 3808 iam
610 3746 825 3826 proclamatum
869 3743 980 3805 tionem
997 3763 1120 3825 prorsus
1135 3745 1333 3807 emendarunt
1350 3749 1410 3828 (3).
1430 3749 1471 3809 ΙΙ-

228 3833 332 3897 inisset
348 3833 528 3916 principium
550 3832 586 3892 de
613 3849 672 3910 quo
698 3830 825 3908 agimus,
867 3827 1005 3890 lustratio
1016 3847 1105 3910 perro
1121 3826 1249 3910 Spiritus
1259 3831 1365 3910 sancti,
1380 3852 1471 3913 quam

259 4018 297 4085 (t)
310 4015 376 4068 Vide
395 4032 417 4067 s.
431 4018 542 4082 August.
556 4014 582 4065 in
600 4029 642 4081 ep.
665 4013 702 4064 De
719 4015 828 4063 baereat-
868 4010 913 4077 qui
925 4009 1063 4077 Evangelia
1076 4011 1182 4062 corrosit
1195 4010 1204 4077 (
1217 4011 1263 4063 lib.
1286 4018 1295 4064 t
1314 4017 1371 4063 ndo.
1388 4011 1468 4064 utare.

230 4085 282 4147 bus,
302 4086 364 4136 item
377 4101 400 4134 s.
413 4085 556 4146 lreneenm,
569 4081 615 4132 lib.
631 4088 655 4131 l.
668 4082 754 4133 Conlr.
769 4085 829 4130 bae·
869 4084 916 4128 et
933 4079 960 4146 );
988 4088 1012 4128 et
1026 4081 1058 4130 itu
1079 4095 1153 4146 porro
1172 4079 1260 4131 iecisse
1273 4080 1415 4132 haereticos
1427 4100 1471 4133 rn-

229 4169 275 4215 res,
292 4171 314 4203 s.
334 4152 462 4219 Epiphen.
483 4156 575 4203 advers.
595 4153 690 4201 haeret.
708 4148 828 4200 Tireodo-
869 4145 1026 4214 liques,·qui
1045 4147 1164 4215 epistolas
1186 4163 1207 4197 s.
1229 4149 1303 4198 Pauli
1321 4149 1471 4201 eliminave-

230 4231 274 4269 ret.
292 4220 395 4271 Haeret.
408 4221 487 4282 stabul.
506 4229 555 4270 etc.
870 4223 940 4276 runt,
960 4224 1108 4281 ceterasque
1126 4215 1287 4282 Scripturas?

260 4293 297 4354 (9)
315 4287 411 4354 Ecquis
429 4287 541 4353 ignerat,
561 4283 688 4352 gnosticos
701 4292 727 4334 ct
745 4282 828 4333 meni·
904 4282 1025 4348 (Elloter
1042 4299 1105 4349 quos
1123 4292 1205 4333 aetate
1232 4283 1278 4334 hac
1302 4291 1387 4334 nestra
1407 4284 1472 4333 emi·

229 4353 317 4406 cluens
333 4356 479 4406 eliminasse
503 4370 516 4403 e
539 4367 670 4403 sacrorum
696 4350 828 4401 Librorum
869 4359 913 4400 net
940 4349 1049 4400 Scherer
1078 4349 1247 4413 Gencvensis,
1284 4351 1328 4416 qui
1365 4351 1473 4416 vestigia

230 4438 303 4473 censu
321 4422 402 4473 libros
425 4438 512 4472 orrrncs
531 4421 630 4472 Veteris
651 4419 828 4481 Testamenti3
869 4432 986 4481 premens
1010 4417 1225 4469 rationalistarum
1249 4433 1348 4468 onrrrcrn
1386 4433 1471 4467 rursus

231 4489 381 4540 Marcionem
399 4505 461 4539 vern
476 4488 554 4538 libros
575 4488 637 4539 hovi
655 4485 828 4546 'lestonrenti‚
868 4485 1061 4551 inspirationem
1079 4485 1156 4536 sacris
1173 4485 1341 4550 scriptoribus
1359 4431 1423 4533 clem
1443 4501 1469 4533 a·

231 4554 722 4626 exceptnlucnellrangelm,quod,ut
745 4553 830 4620 loqui·
868 4553 905 4602 vit
924 4554 950 4602 in
969 4570 1011 4619 op.
1034 4551 1069 4602 bo
1093 4557 1194 4616 critique
1214 4558 1235 4602 et
1256 4555 1280 4601 io
1303 4554 1348 4613 sot.
1375 4551 1411 4600 Dc
1426 4501 1474 4600 las

231 4626 471 4685 tnr'lcrluliiauus,
490 4625 651 4674 decurtavit:
671 4637 747 4688 quem
766 4638 828 4687 pro·
868 4620 942 4685 plura
962 4620 1109 4684 scripsimus
1134 4620 1158 4669 in
1183 4635 1225 4684 op.
1246 4617 1328 4668 L'idea
1347 4622 1470 4669 cristinae.

230 4703 311 4757 pterea
327 4706 471 4744 cornemium
488 4706 583 4742 murem
602 4693 727 4741 Ponticum
746 4698 828 4752 vacat,
847 4658 851 4722 Ι
867 4692 931 4737 della
944 4685 1030 4737 Ciriesu
1048 4685 1164 4737 distruttr't
1181 4689 1219 4736 nel
1241 4685 1468 4749 Protectoatmime,
