3700 5659
442 495 504 558 218
927 501 966 546 uu
984 501 1128 549 cantrarn
1649 419 1652 572 i

397 606 438 669 sit
454 602 571 667 ratione
586 597 694 678 gradus
705 613 797 678 super
811 593 925 672 omnia,
939 613 1000 656 uon
1042 595 1101 658 tiae
1114 598 1261 676 caritatis,
1274 602 1345 666 dum
1358 605 1479 688 aiiquid
1490 608 1545 674 iieo
1561 637 1624 696 prae
1652 649 1653 656 κ

398 698 499 754 autem
515 684 630 748 ratione
649 681 762 757 metiri,
782 679 930 743 suiiicitne
949 697 1003 761 per
1040 681 1147 759 iertur,
1168 702 1223 747 seu
1241 697 1383 751 creatura
1403 691 1546 756 Creatori.
1652 694 1658 783 ,f

399 793 433 838 se
451 773 516 835 sola
529 769 566 832 ad
582 765 823 830 iustificationcm
839 811 848 842 ,
869 782 924 826 uec
939 763 1002 827 uei
1086 767 1139 829 90.
1153 766 1288 833 Dicimus
1303 773 1345 850 3⁰,
1356 775 1516 841 caritatem
1531 780 1623 846 inchoa
1653 794 1654 807 ¹

399 856 478 930 Quid
509 855 632 936 insuper
663 859 782 933 praeter
806 857 944 912 naturam
973 856 1004 911 et
1042 859 1102 912 tam
1121 859 1152 913 ct
1171 852 1365 937 incipientem
1387 859 1486 938 iiiam,
1505 872 1622 943 quaectsi
1654 853 1655 862 ¹

400 941 525 1022 gradum
538 935 714 1019 requiritur,
734 943 768 997 ut
785 933 893 996 caritas
907 933 1005 995 valeat
1043 935 1103 997 iam
1119 937 1251 1015 attigerit
1262 959 1420 1005 summum
1432 946 1551 1023 gradum
1565 970 1622 1013 auo·
1653 890 1655 981 d

402 1026 440 1090 ud
459 1020 728 1087 iustificationemi
748 1018 915 1082 Necesseue
933 1025 1002 1095 cst,
1043 1019 1086 1081 ris
1106 1012 1159 1082 Dei
1183 1040 1276 1102 cuper
1293 1028 1411 1105 omnio,
1436 1030 1621 1096 adhuctauen
1655 989 1657 1099 d

403 1122 437 1174 ut
451 1107 599 1172 intensior
616 1105 666 1185 sit,
699 1112 751 1168 aut
782 1103 892 1166 sufficit
913 1102 1005 1165 etiam
1044 1103 1163 1166 infirma
1184 1115 1231 1168 est
1248 1127 1283 1171 ac
1302 1109 1428 1189 debitis,
1450 1114 1493 1175 ita
1516 1124 1546 1177 ut
1560 1118 1622 1180 iaciie
1656 1108 1657 1179 i

403 1194 532 1258 remissa
564 1211 619 1254 seu
655 1189 769 1270 absque
804 1186 1006 1250 inienuitate?
1045 1207 1082 1251 ea
1096 1189 1262 1271 amittatur,
1276 1194 1453 1258 cuiusmodi
1469 1198 1524 1260 iuit
1536 1200 1624 1263 iiiaic·

403 1276 502 1352 Quum
519 1295 590 1339 uero
614 1275 645 1336 iu
665 1274 730 1356 ipsa
749 1271 932 1354 perfectione
944 1289 1007 1333 ra·
1046 1272 1097 1351 tri,
1114 1292 1182 1336 cum
1202 1275 1334 1340 diceret':
1355 1282 1428 1360 Epo
1445 1292 1566 1362 porotos
1580 1305 1624 1346 son
1656 1346 1657 1363 ,

395 1363 442 1426 ‘rii
460 1362 520 1424 siut
537 1359 668 1439 gradus,
691 1357 770 1420 uude
789 1376 858 1418 nuru
877 1356 938 1437 peti
952 1355 1008 1417 de·
1047 1366 1139 1420 tecum
1156 1361 1191 1422 tn
1208 1378 1357 1426 currerem
1369 1374 1399 1426 et
1416 1366 1451 1428 iu
1465 1370 1621 1442 mortemue,

404 1445 455 1510 bei
468 1445 579 1525 gradus
593 1442 717 1506 maioris
734 1441 895 1503 minorisve
912 1440 1031 1556 peric-p
1048 1441 1101 1523 qui
1119 1442 1317 1508 uiiriiominus
1346 1447 1388 1509 ob
1417 1450 1543 1513 auciiiae
1559 1453 1623 1513 tino-

405 1531 513 1594 ctiouis
528 1530 559 1590 in
572 1528 636 1609 ipsa
648 1526 772 1589 raritate
787 1525 948 1607 periecta‘i
965 1525 1010 1586 Eu
1026 1560 1030 1636 p
1048 1545 1112 1588 rem
1148 1530 1237 1609 pauio
1256 1539 1325 1612 post
1352 1531 1508 1597 Christum
1527 1536 1622 1613 negarit.

405 1614 529 1678 totidem
548 1611 752 1694 quaestiones,
769 1629 844 1691 quas
862 1610 1010 1691 iuseper·
1049 1609 1191 1674 Provecta
1204 1623 1304 1677 autem
1321 1616 1437 1680 caritas
1453 1619 1622 1687 acfirmaen,
1656 1624 1657 1633 ’

407 1706 537 1762 tractant
553 1696 675 1760 scuoiao
698 1695 874 1758 catholicae.
1050 1714 1128 1776 quae
1143 1697 1237 1759 robur
1249 1699 1341 1762 habet
1353 1710 1385 1763 et
1400 1702 1623 1769 adversusouuia

450 1783 501 1844 8'i.
524 1781 656 1844 Breviter
675 1798 731 1842 nos
759 1778 796 1841 ab
826 1779 864 1840 iis
882 1777 1012 1840 extrica·
1028 1805 1032 1854 q
1050 1781 1201 1844 contraria
1215 1782 1349 1863 dimicat,
1364 1805 1401 1848 ac
1418 1787 1623 1849 omuiarincitet
1656 1784 1657 1865 ξ

407 1866 534 1944 bimus,
575 1865 635 1928 iilis
672 1863 828 1927 sententiis
863 1855 1183 1962 caicuiumisuperat,
1204 1867 1374 1930 cuiusmodi
1401 1871 1462 1933 suit
1485 1872 1534 1932 iiia
1553 1871 1622 1943 Pauii,
1656 1868 1657 1873 ’

409 1951 586 2014 adiicientes
601 1958 750 2026 nostrum,
761 1966 838 2029 quae
852 1966 1033 2040 commune-p
1052 1967 1119 2010 cum
1136 1951 1329 2014 exclamaret:
1348 1954 1426 2029 Quis
1445 1973 1501 2018 oos
1512 1956 1621 2034 soporati

408 2035 468 2098 iam
484 2035 659 2113 suffragium
676 2053 729 2116 pro
744 2051 777 2096 se
794 2033 937 2095 tulerunt.
986 2096 989 2101 ,
1029 2043 1071 2155 po
1088 2035 1214 2098 roritcte
1230 2037 1407 2101 comitam
1419 2049 1510 2121 prout
1527 2039 1595 2101 iactis
1605 2045 1625 2094 o-⁴

451 2121 503 2182 88.
522 2120 625 2200 itaque
640 2121 669 2180 i⁰
682 2137 737 2180 nos
756 2117 839 2179 iiiam
857 2117 1034 2183 caritatem,
1053 2117 1221 2181 stendebat.
1364 2180 1367 2184 .

407 2205 570 2286 perfectam
600 2204 750 2280 dicimus,
782 2219 860 2282 quae
890 2201 958 2262 tuiis
976 2190 1037 2293 siti
1096 2203 1148 2265 91.
1173 2203 1308 2267 Dicimus
1324 2205 1358 2267 i·
1380 2207 1408 2269 si
1427 2226 1477 2269 res
1495 2206 1524 2268 iu
1537 2206 1621 2268 cisim-

408 2297 439 2350 et
450 2290 480 2350 in
494 2308 549 2350 sua
560 2297 667 2351 natura
679 2296 709 2349 et
727 2287 758 2348 iu
776 2286 839 2348 suis
855 2285 1012 2363 gradibus:
1031 2307 1036 2349 r
1053 2294 1098 2348 cto
1115 2296 1289 2368 spectetur,
1309 2308 1364 2371 per
1392 2291 1481 2354 iiium
1501 2307 1619 2359 amorem,

409 2373 491 2433 iiiam
505 2391 625 2452 nempe,
642 2391 719 2453 quae
739 2370 814 2432 duas
831 2387 903 2450 prae
921 2387 954 2431 sc
968 2370 1015 2431 ie·
1032 2364 1039 2469 i
1055 2370 1108 2451 qui
1126 2372 1389 2454 concupiscentiae
1404 2395 1460 2438 seu
1477 2374 1537 2456 spei
1553 2372 1622 2453 eppei-

410 2465 457 2517 rat
475 2456 687 2533 conditiones,
711 2463 744 2516 ut
761 2461 905 2533 concepta
923 2454 963 2515 sit
981 2471 1017 2515 ex
1056 2454 1146 2531 iator,
1159 2456 1279 2519 etiamsi
1292 2457 1325 2519 iu
1346 2479 1491 2541 supremo
1508 2457 1621 2537 gradure

410 2559 514 2604 amore
536 2539 589 2602 Dei
607 2537 915 2620 properationi,
936 2546 967 2598 et
985 2546 1018 2599 ut
1056 2540 1213 2619 periatur,
1233 2559 1294 2602 nou
1316 2542 1450 2606 obtineri
1470 2538 1618 2606 iustificatio-

411 2625 451 2686 sit
466 2642 556 2704 super
572 2625 696 2700 cornio,
724 2640 863 2704 quaeque
896 2623 1017 2685 benevo-
1034 2628 1038 2658 ¹
1057 2642 1125 2685 nem
1145 2624 1211 2687 sine
1229 2637 1433 2707 sacramento,
1454 2647 1490 2690 eo
1512 2623 1619 2708 quodra-

414 2710 521 2773 icutt'oe
535 2709 657 2770 nomine
672 2707 854 2786 designatur.
876 2705 1020 2788 imperie-
1057 2707 1131 2770 ritas
1158 2709 1335 2791 simpiicitcr
1352 2731 1416 2774 nou
1443 2712 1501 2790 sit,
1523 2718 1551 2772 ut
1568 2714 1619 2788 patei

412 2802 491 2860 ctam
508 2812 577 2856 uero
596 2793 677 2855 iilam
698 2810 851 2867 vocamus,
871 2810 961 2872 quae,
978 2791 1019 2853 ii·
1057 2811 1092 2854 ct
1111 2792 1210 2871 dietis,
1226 2803 1256 2856 et
1274 2795 1373 2858 nuiias
1402 2797 1512 2860 habeat
1527 2788 1619 2875 prouis-

412 2889 460 2941 cet
479 2879 518 2940 sit
536 2897 655 2940 summa
685 2877 716 2939 in
745 2895 800 2938 suo
827 2875 922 2953 gradu
940 2876 1018 2938 diie-
1057 2875 1169 2940 siones.
1181 2877 1274 2941 Porro
1292 2880 1319 2941 si
1334 2878 1568 2944 actuaiisearitas
1579 2890 1619 2953 pcr-

413 2963 523 3025 ctionis
535 2961 589 3025 Dei
602 2981 692 3042 cuper
703 2962 816 3038 omorio,
835 2969 934 3022 tamen
948 2979 1020 3021 cou-
1058 2961 1136 3024 secta
1153 2961 1306 3042 iustificat,
1323 2963 1354 3025 id
1368 2985 1432 3027 nou
1446 2964 1530 3027 habet
1542 2967 1620 3021 utrau
1655 2972 1656 3013 i

413 3048 525 3128 cipitur
544 3066 579 3108 cx
604 3046 714 3108 motivo
734 3044 846 3127 proprii
869 3044 1020 3107 commodi
1059 3063 1093 3107 sa
1111 3045 1244 3109 efficiens
1264 3056 1294 3110 et
1311 3049 1461 3126 iormaiis,
1479 3055 1528 3110 aut
1541 3052 1620 3106 uru·
1655 3026 1656 3083 i

414 3151 468 3192 seu
494 3132 526 3192 in
544 3130 670 3207 gratiam
687 3130 860 3208 diligentis,
881 3148 1021 3210 quaeque
1059 3148 1093 3192 sc
1112 3131 1266 3194 meritoria
1282 3131 1516 3209 iustificationis,
1533 3126 1575 3190 sed
1586 3141 1619 3214 ⁵⁰?

415 3215 502 3291 vuigo
517 3215 808 3294 concupiscentiosa
824 3212 1018 3292 speidicitur.
1037 3221 1041 3248 ¹
1059 3212 1121 3275 ium
1140 3223 1175 3276 ut
1192 3215 1299 3278 uitima
1315 3216 1485 3298 dispositio,
1505 3233 1556 3296 qua
1567 3224 1619 3290 pou·

414 3298 486 3360 Cum
506 3317 576 3360 vero
596 3297 738 3358 motivum
769 3297 942 3377 speciiicum
971 3296 1030 3371 dis
1060 3305 1100 3376 ta,
1119 3297 1199 3361 Deus
1216 3299 1299 3362 iiiam
1314 3300 1365 3363 dat
1379 3311 1410 3364 et
1428 3292 1618 3381 gratiaminiuu·

413 3382 545 3461 stinguat
560 3381 704 3460 virtutes,
723 3381 793 3442 hinc
810 3379 1018 3462 consequitur,
1060 3381 1115 3460 dit,
1137 3401 1198 3463 qua
1216 3385 1307 3446 homo
1327 3404 1362 3447 ex
1390 3394 1541 3468 peccatore
1554 3378 1618 3440 iustu
1655 3314 1657 3469 Ι

414 3469 514 3548 specie
546 3466 626 3528 inter
652 3485 685 3529 se
715 3464 857 3544 distingui
885 3483 1019 3528 amorem
1060 3466 1178 3546 eradit,
1198 3467 1281 3531 iuxta
1299 3468 1414 3532 divinas
1433 3463 1615 3554 promissiones·

415 3551 642 3615 benevolentiae
661 3559 691 3614 et
721 3567 854 3613 amorem
873 3550 1020 3632 concupi·
1060 3549 1158 3622 Quum
1176 3569 1249 3615 vero
1265 3552 1322 3615 soii
1341 3557 1439 3617 amori
1454 3551 1514 3636 spei
1530 3557 1617 3634 prout}

413 3637 558 3714 scentiae,
577 3655 632 3699 seu
647 3635 780 3700 caritatis
798 3644 828 3697 et
845 3634 921 3717 spei.
936 3634 1022 3697 Prior
1059 3635 1161 3697 siones
1178 3635 1254 3699 istae
1272 3638 1368 3700 iacme
1385 3658 1448 3702 non
1461 3633 1566 3706 fuerint,
1579 3642 1616 3685 nu

413 3730 460 3784 est
475 3723 585 3784 ceritas
604 3721 784 3799 thcoiogica,
801 3719 951 3802 posterior
962 3739 1020 3782 au·
1059 3737 1126 3780 rum
1145 3738 1212 3783 esse
1230 3740 1290 3782 uon
1314 3722 1426 3803 debet,
1445 3723 1471 3786 si
1487 3737 1530 3782 res
1543 3715 1567 3776 in
1580 3707 1616 3770 ai·

415 3815 474 3870 tem
495 3825 555 3867 non
574 3805 658 3868 item.
1059 3812 1169 3867 stracto
1201 3813 1376 3886 spectetur,
1401 3804 1542 3890 quoditie
1561 3803 1618 3858 mor
1654 3854 1655 3877 ,

455 3892 506 3953 89.
543 3889 677 3953 iiicimus
705 3889 749 3967 2⁰,
780 3888 936 3952 caritatem
964 3906 1018 3950 seu
1059 3888 1389 3972 uonproducatperse
1405 3881 1615 3971 sotusotabsqtt
1654 3882 1655 3971 i

413 3975 513 4035 verius
542 3993 699 4051 amorem,
721 3972 774 4054 qui
804 3992 864 4035 oon
882 3981 1020 4051 assurgat
1058 3973 1169 4035 actuali
1196 3975 1376 4037 sacramenti
1395 3971 1567 4056 susceptione
1584 3977 1616 4019 ω’
1654 3974 1655 4035 i

415 4057 569 4137 usquead
600 4057 784 4135 diligendum
814 4056 907 4120 Deum
928 4075 1020 4138 super
1058 4056 1280 4121 stiiicationem.
1320 4059 1386 4121 iiixi
1416 4063 1451 4125 tu
1488 4053 1616 4121 utsii-utu
1653 4088 1654 4093 κ

414 4141 528 4218 omniu,
548 4140 666 4203 etiarnsi
686 4141 755 4223 quis
778 4140 858 4204 hunc
877 4149 974 4204 actum
988 4161 1020 4204 e·
1059 4141 1208 4222 siquidem
1237 4143 1269 4204 in
1291 4153 1453 4224 concreto,
1471 4152 1563 4204 censeo
1575 4130 1616 4223 'iot

414 4224 496 4287 iiciat
514 4243 548 4288 es
566 4225 675 4288 motivo
691 4225 837 4303 caritatis,
850 4226 969 4287 iiiectus
981 4227 1019 4288 ad
1059 4226 1090 4287 iu
1104 4245 1188 4304 casu,
1206 4245 1244 4289 ne
1259 4227 1291 4288 in
1308 4241 1462 4291 aeternum
1478 4225 1562 4309 pereat
1572 4211 1612 4300 iiie,

413 4309 576 4373 amandum
612 4328 647 4371 ex
678 4308 743 4391 ipsa
779 4308 1019 4373 consideratione
1060 4309 1112 4392 qui
1132 4310 1254 4373 aiiuude
1270 4310 1364 4374 Deum
1387 4331 1476 4395 super
1487 4292 1614 4398 matidii·
1654 4314 1656 4401 i

413 4393 557 4458 bonitatis
584 4392 725 4472 divinae,
752 4401 852 4454 tamen
881 4393 1020 4456 absolute
1060 4393 1126 4472 iigit
1146 4413 1183 4457 ac
1204 4403 1363 4478 propterea
1390 4398 1427 4461 de
1449 4389 1615 4479 peccaturus

412 4499 468 4542 nec
482 4498 551 4542 rere
571 4497 659 4561 posse
673 4476 850 4560 simpliciter
863 4477 1019 4540 caritatem
1060 4497 1152 4560 super
1183 4480 1286 4542 omnia
1307 4479 1403 4560 doiet,
1438 4482 1521 4544 Deum
1540 4488 1561 4561 et
1576 4474 1613 4521 ¹¹⁰⁰

411 4583 479 4625 csse
505 4573 556 4625 aut
575 4561 765 4644 nuncupari,
785 4579 852 4622 curn
873 4561 913 4624 sit
935 4581 1022 4624 amor
1061 4564 1232 4626 defuturum
1252 4565 1348 4643 gratia
1379 4584 1435 4629 sua
1451 4611 1459 4645 ,
1477 4540 1616 4646 perfi⁰¹⁰¹¹d⁰

409 4647 577 4710 iniuriosus
601 4649 672 4727 Deo,
691 4665 726 4711 ac
749 4655 894 4728 repugnet
912 4665 1019 4711 esseu-
1061 4649 1227 4710 caritatem.
