3700 5659
823 531 917 576 curor
936 533 967 577 v.
1430 467 1481 584 Ι69

273 633 307 690 et
331 623 469 706 quamuis
486 623 621 686 nondum
644 623 792 688 rationem
811 643 878 686 me·
918 623 1035 702 bibere,
1054 625 1148 688 immo
1171 626 1262 692 etiam
1282 627 1452 693 dissentire.
1470 629 1523 692 Si·

272 710 328 772 riti
350 708 388 770 de
401 708 550 785 condigno
575 708 695 786 habeat,
712 708 804 770 hebet
829 708 878 769 ni·
919 708 1041 788 quidem
1060 709 1177 774 Christo
1197 721 1227 774 et
1255 713 1405 794 Apostolis
1433 733 1524 794 prae-

273 792 444 856 hilominus
462 791 610 854 rationem
634 791 734 854 meriti
752 791 788 853 de
804 810 879 853 eon·
919 791 1091 856 dicentibus
1109 813 1144 856 ac
1174 796 1381 860 munientibus
1401 797 1523 877 praedi-

273 895 366 954 gruo,
387 895 453 953 seu,
472 884 506 936 nt
524 875 659 956 loquitur
680 894 706 938 s.
736 874 880 954 Augusti·
920 876 1069 941 sationem
1089 896 1175 942 suam
1195 879 1308 956 ingenti
1329 881 1527 944 multitudine

275 979 337 1022 nus
359 959 421 1039 (l),
443 959 642 1039 impetratorii
676 959 784 1020 saltem
815 977 880 1022 me·
922 959 1150 1038 miraculorum,
1180 971 1312 1026 attamen
1342 984 1378 1026 er
1397 974 1440 1027 tot
1465 985 1526 1026 au-

276 1043 361 1105 diate
375 1061 429 1124 per
442 1042 657 1124 poenitentiam
674 1050 703 1103 el
713 1042 879 1121 caritatem,
921 1041 1074 1106 dientibus
1100 1053 1130 1106 et
1158 1045 1328 1110 uidentibus
1359 1048 1444 1126 signa
1474 1049 1527 1110 illa

277 1127 318 1189 ad
337 1125 530 1188 obtinendam
549 1126 675 1203 gratiam
695 1127 883 1188 sanotifiean-
921 1125 1045 1205 quidanr
1064 1128 1316 1209 assentiebantur,
1335 1131 1458 1212 quidam
1477 1151 1529 1192 ve-

277 1219 355 1289 tem,
375 1219 404 1283 et
417 1229 472 1291 per
489 1229 555 1272 eam
577 1210 718 1272 meritum
747 1209 784 1272 de
813 1229 883 1272 oon·
922 1227 979 1286 ro,
1017 1210 1079 1272 imo
1111 1213 1247 1293 plerique
1279 1214 1525 1292 dissentiebant,

279 1294 373 1373 digno
389 1294 450 1375 (2).
922 1302 1012 1372 prout
1027 1295 1197 1372 evangelica
1216 1297 1343 1360 historia
1362 1307 1392 1360 et
1407 1307 1529 1379 aposlo-

323 1379 399 1440 nol.
420 1375 536 1458 Quibus
562 1376 605 1438 ita
630 1375 808 1458 dispositis,
840 1377 884 1438 sie
923 1375 983 1438 lica
1001 1377 1112 1459 scripta
1125 1387 1282 1444 testantur.
1302 1379 1460 1444 Obiectum
1473 1382 1529 1456 igi-

277 1460 454 1524 aocedimus
472 1461 510 1522 ad
528 1461 683 1522 veritatem
705 1459 885 1542 propositio·
924 1466 985 1537 tur,
1006 1461 1062 1522 etsi
1086 1462 1131 1524 uti
1150 1463 1279 1526 manime
1299 1465 1444 1528 credibile
1473 1483 1529 1526 ex·

278 1545 329 1607 nis
350 1545 571 1606 uindicandam.
588 1542 665 1606 Saue
677 1543 715 1604 ad
730 1552 831 1606 actum
846 1545 883 1605 sr-
924 1544 1068 1623 positum,
1092 1565 1152 1608 non
1171 1547 1351 1610 determinet
1372 1549 1528 1610 sufficien-

278 1628 330 1690 dei
347 1628 535 1704 theologicae
553 1627 732 1690 eliciendum
746 1646 885 1689 necessa·
925 1634 971 1686 ter
992 1627 1030 1690 ed
1047 1647 1218 1705 assensum,
1242 1633 1294 1693 sed
1313 1651 1388 1712 opus
1412 1640 1457 1693 est
1478 1632 1528 1712 pia

277 1713 328 1774 rio
357 1711 546 1793 praerequiri
579 1711 662 1792 pium
698 1711 884 1774 credulitatis
925 1710 1084 1774 allectione
1106 1731 1141 1774 ex
1159 1715 1254 1791 gretia
1270 1717 1474 1795 proveniente,
1497 1724 1530 1775 ut

278 1797 447 1873 allectum,
476 1815 512 1858 ex
546 1793 706 1876 multiplici
730 1795 828 1876 capite
848 1814 884 1856 o·
924 1795 1062 1856 voluntas
1082 1805 1199 1860 moveat
1221 1798 1405 1862 intellectum
1426 1799 1464 1862 ad
1483 1818 1532 1860 as-

277 1879 443 1941 stenditur.
925 1879 1116 1942 sentiendum
1131 1880 1191 1961 (l).

323 1963 398 2025 268.
418 1960 492 2024 Nam
514 1960 539 2023 l.
568 1980 673 2024 sacrae
699 1959 818 2024 litterae
854 1981 886 2024 a·
970 1962 1043 2024 ⁰270.
1066 1961 1116 2024 lll.
1149 1963 1281 2046 ldipsum
1311 1965 1477 2027 adstruitur
1495 1985 1530 2025 ex

277 2056 366 2128 perte
384 2048 504 2122 docent,
523 2045 603 2128 piam
623 2045 773 2107 eidsmodi
808 2046 884 2108 alle-
927 2045 992 2126 ipsa
1012 2045 1129 2108 ratione
1148 2048 1260 2120 meriti,
1281 2050 1363 2129 quod
1381 2049 1460 2110 inest
1489 2051 1532 2110 li·

278 2130 413 2192 ctionem
440 2149 494 2192 seu
519 2129 684 2192 motionem
708 2129 883 2208 voluntatis,
928 2129 1000 2190 bero
1022 2130 1171 2208 assensui,
1202 2151 1291 2212 quem
1310 2133 1435 2213 praebet
1466 2152 1533 2194 cre·

277 2214 456 2276 inclinantis
467 2214 652 2275 intellectum
665 2212 703 2276 ad
716 2232 884 2292 assensum,
928 2212 1001 2274 dens
1014 2213 1189 2278 veritatibus
1204 2215 1355 2294 revelatis3
1376 2235 1411 2278 ac
1429 2216 1534 2297 proin-

278 2298 400 2379 requiri
423 2298 462 2360 ad
479 2297 632 2358 internum
668 2296 738 2358 fidei
769 2297 886 2359 diuinae
928 2296 965 2357 de
983 2315 1000 2357 a
1017 2297 1168 2360 voluntate
1187 2299 1311 2379 pendet,
1333 2299 1416 2361 iuxta
1442 2299 1527 2374 illud,
1646 2363 1649 2372 ,

278 2391 395 2460 actum,
418 2401 473 2444 seu
496 2381 535 2442 ad
567 2381 665 2444 divine
690 2380 884 2444 eredendum.
929 2379 1011 2460 quod
1030 2381 1066 2441 de
1084 2381 1376 2460 Abrahamlegitur:
1397 2384 1532 2446 Credidit
1601 2419 1606 2430 ·

277 2465 357 2528 Nam
375 2465 538 2547 Apostolus
559 2464 647 2526 Rom.
671 2463 709 2542 X,
741 2466 793 2543 10,
813 2465 887 2526 scri·
928 2464 1083 2527 Abrobom
1101 2467 1172 2542 Deo,
1192 2475 1218 2529 et
1240 2476 1411 2548 repntotnm
1427 2477 1469 2528 est
1484 2468 1531 2530 olli

277 2549 345 2612 bit:
373 2550 468 2614 Corde
491 2549 571 2611 enim
587 2549 722 2612 creditur
739 2550 779 2611 od
795 2549 886 2611 iusti·
912 2549 1128 2612 cotinentiae
1144 2549 1204 2629 (5).
1221 2549 1300 2612 Haec
1320 2560 1420 2612 autem
1439 2551 1533 2611 intel-

280 2634 373 2709 tt'om;
394 2652 472 2714 quae
488 2633 580 2695 rerba
591 2633 752 2714 explanans
767 2651 793 2694 s.
809 2632 887 2694 Tho·
928 2630 980 2708 ligi
1001 2631 1111 2694 debent
1129 2632 1165 2694 de
1184 2641 1252 2694 actu
1272 2634 1302 2696 in
1322 2654 1370 2712 se,
1395 2653 1455 2694 non
1471 2654 1528 2696 au-

279 2736 359 2796 mas,
381 2719 490 2793 Corde,
507 2715 616 2797 inquit,
632 2717 708 2780 idest
720 2715 882 2779 voluntate.
930 2722 990 2776 tem
1010 2733 1046 2776 ex
1063 2723 1146 2797 parte
1166 2717 1305 2795 subiecti,
1336 2718 1385 2778 cui
1408 2718 1445 2780 ad
1463 2737 1534 2778 rne-

278 2803 361 2865 Nom
377 2810 485 2878 cetero,
506 2817 581 2878 quoe
592 2801 631 2863 od
642 2800 819 2863 exteriorem
830 2802 886 2864 Dei
927 2797 1019 2858 ritum
1035 2817 1137 2877 presse
1149 2799 1261 2862 dictum
1275 2801 1445 2862 necessario
1462 2820 1534 2861 con-

280 2885 399 2948 coltnm
420 2886 591 2964 pectinent,
614 2891 707 2964 potest
725 2885 809 2946 bomo
827 2903 884 2944 no·
929 2889 1050 2942 currant
1068 2901 1191 2944 neeesse
1212 2892 1256 2944 est
1272 2893 1383 2960 cetere,
1400 2902 1478 2963 qnae
1495 2886 1531 2945 ad

284 2970 358 3048 bns,
377 2969 428 3030 sed
445 2971 563 3032 eredere
579 2987 642 3030 non
656 2968 823 3048 potestne'si
838 2986 888 3029 oo·
930 2964 1070 3026 meritum
1097 2967 1312 3046 requiruntur,
1333 2967 1447 3028 scilicet
1467 2976 1533 3028 stn-

285 3054 361 3116 tens.
379 3054 551 3116 Intellectus
568 3053 650 3114 enim
666 3052 811 3114 credentis
827 3069 889 3113 non
930 3056 978 3109 tus
993 3048 1105 3126 gratiae
1124 3059 1154 3110 et
1172 3049 1297 3128 caritas3
1322 3051 1457 3132 alioquin
1473 3071 1532 3111 non

281 3137 511 3200 determinetur
533 3135 573 3197 od
592 3136 815 3198 assentiendum
837 3152 888 3196 oe·
931 3132 1094 3194 haberetur
1116 3133 1174 3196 nisi
1203 3136 1343 3197 meritum
1369 3135 1534 3216 improprie

279 3221 372 3284 ritoti
395 3237 434 3282 ec
461 3221 633 3282 necessitate
654 3219 795 3282 rationis:
813 3219 888 3280 sient
932 3215 1056 3296 dictum,
1083 3235 1137 3280 seu
1156 3218 1192 3280 de
1209 3237 1360 3300 congruo,
1385 3219 1467 3280 iuxta
1485 3219 1536 3278 di-

277 3305 447 3367 intelleetus
463 3303 594 3380 scientis,
608 3304 659 3366 sed
673 3321 711 3365 eor
723 3305 888 3366 uoluntate:
931 3308 990 3361 ota.

280 3397 309 3449 el
328 3389 397 3451 ideo
411 3387 489 3451 scire
505 3405 568 3450 non
584 3389 712 3466 pertinet
740 3387 779 3448 od
796 3387 888 3449 iusti-
974 3384 1047 3444 dli.
1068 3382 1167 3464 Atque
1194 3387 1268 3452 haec
1293 3387 1413 3467 quidem
1435 3386 1533 3465 quoad

282 3472 361 3534 tium
380 3472 512 3534 bominis
529 3487 604 3550 quoe
619 3479 661 3534 est
680 3469 885 3549 incolumen,
930 3467 1080 3547 praeviam
1113 3470 1275 3531 uoluntatis
1305 3470 1533 3551 dispositionem

278 3557 333 3617 sed
347 3555 467 3618 eredere
483 3555 544 3634 (3).
931 3550 968 3612 ad
984 3551 1189 3622 inducendum
1206 3553 1413 3629 intellectum,
1432 3561 1466 3614 ut
1481 3573 1535 3614 as-

325 3638 403 3701 269.
426 3637 626 3701 Confirmatur
646 3635 684 3700 ll.
716 3656 751 3700 er
781 3637 886 3714 laeto,
931 3633 1154 3696 sentiaturssdei
1168 3635 1304 3713 obiectis,
1319 3655 1408 3716 quam
1422 3655 1457 3696 er
1469 3653 1533 3712 grn-

280 3740 345 3802 quo
360 3730 490 3797 constal,
509 3721 615 3804 positis
637 3721 727 3784 etiam
746 3721 888 3783 omnibus
930 3717 972 3778 tia
988 3718 1144 3798 provenire
1157 3719 1297 3796 diximus,
1316 3719 1535 3800 definitumque

279 3806 404 3868 motivis
422 3825 458 3868 er
473 3817 557 3887 parte
575 3805 686 3867 obiecti
709 3805 746 3868 ed
765 3805 890 3866 creden·
930 3809 975 3862 est
993 3820 1028 3862 ex
1047 3800 1221 3864 Tridentino
1239 3822 1313 3864 sess.
1342 3822 1383 3881 vr,
1405 3822 1473 3864 ean.
1490 3822 1534 3878 nr,

279 3889 368 3970 dum,
389 3890 544 3952 hominem
558 3907 648 3971 posse
665 3908 822 3952 assensum
838 3908 889 3950 oo·
930 3884 979 3945 cui
993 3885 1160 3966 praeiverat
1174 3885 1361 3949 Goelestinus
1381 3886 1469 3968 epist.
1495 3888 1530 3946 21

316 4058 357 4126 (l)
378 4056 435 4108 Lib.
449 4059 487 4108 De
500 4060 561 4120 spir.
580 4059 603 4105 el
616 4057 666 4105 titt.
678 4069 735 4121 cap.
759 4057 792 4104 55
805 4061 831 4103 et
843 4057 887 4115 51⁸,
930 4060 1039 4112 moveat,
1055 4052 1116 4117 qnia
1137 4051 1256 4102 voluntas
1275 4067 1377 4120 semper
1394 4050 1474 4103 libera
1499 4059 1536 4100 cst

280 4134 309 4178 et
331 4127 360 4177 in
383 4125 431 4176 lib.
463 4124 501 4175 De
519 4127 639 4189 praedest.
669 4127 797 4173 constet
825 4120 888 4171 alibi
929 4118 978 4170 sub
997 4119 1321 4186 grstia,ctpluresetisrn
1347 4137 1397 4170 non
1415 4117 1536 4178 creduut,

280 4194 388 4262 passim.
930 4188 1047 4253 quumvis
1064 4187 1145 4253 gratis
1170 4189 1314 4253 preerenli,
1328 4189 1372 4238 sed
1392 4186 1475 4237 eidem
1488 4185 1535 4234 olr-

316 4261 358 4330 (2)
379 4257 421 4310 Cl.
442 4259 550 4323 suarez,
571 4256 669 4326 disput.
682 4259 709 4318 6,
727 4262 789 4307 sect.
809 4258 834 4316 7,
859 4270 887 4305 n.
931 4255 1075 4306 luctentur.
1093 4253 1168 4318 erod
1187 4254 1302 4321 prolecto
1320 4272 1372 4306 non
1396 4255 1537 4329 accideret,

282 4333 328 4390 so,
352 4343 428 4394 seqq.
930 4323 951 4372 si
978 4331 1023 4373 eut
1046 4323 1141 4373 molius
1165 4321 1364 4382 credibilitntis,
1386 4330 1431 4372 out
1454 4330 1534 4388 gratia

319 4396 358 4463 (3)
376 4394 448 4446 Lect.
465 4393 500 4445 ll.
524 4394 551 4444 in
569 4393 640 4445 hune
663 4390 714 4442 loc.
739 4389 830 4456 spon.
855 4387 888 4439 ad
930 4397 1054 4456 cogerent
1070 4387 1103 4438 ad
1122 4389 1323 4440 assentiendum.
1347 4389 1435 4456 ltaque
1453 4389 1536 4452 gralia

282 4460 360 4514 llorn.
931 4455 1072 4507 necessaria
1088 4463 1125 4506 cst
1143 4455 1174 4506 od
1187 4473 1315 4506 assensum
1334 4457 1394 4507 fidei
1411 4471 1535 4521 supernu-

318 4532 357 4598 (ls)
383 4527 454 4594 Quin
482 4526 558 4578 etiem
581 4526 637 4578 fieri
658 4532 761 4592 potest,
784 4531 814 4575 ut
836 4539 888 4573 nnn
930 4525 1058 4586 turalem,
1080 4531 1157 4590 elque
1174 4531 1204 4574 ut
1224 4539 1341 4574 assensus
1358 4525 1392 4575 sit
1408 4537 1537 4590 superne·
1565 4578 1570 4584 ,

282 4595 402 4648 obstante
429 4595 471 4661 pia
493 4593 646 4654 allectione,
669 4602 753 4644 lernen
771 4592 889 4641 voluntas
930 4591 1031 4644 turslis.

281 4665 394 4728 resistet,
406 4679 453 4714 nec
471 4662 633 4714 intellectum
652 4660 684 4712 ud
695 4659 888 4712 assentiendum
965 4660 1003 4727 (d)
1026 4657 1119 4708 Gerres.
1133 4653 1190 4720 XV,
1210 4659 1236 4721 6,
1250 4664 1274 4708 'et
1293 4655 1368 4708 Rom.
1383 4657 1428 4720 lV,
1440 4660 1467 4708 5.
