3700 5659
776 529 872 575 carun
891 532 929 576 m.
1398 526 1438 588 89

210 636 308 707 tem,
328 623 451 710 quaein
472 641 507 686 ea
521 622 698 698 includitur,
713 641 772 684 non
790 629 835 684 est
876 623 942 702 lege
964 625 1074 708 scripta
1094 635 1163 688 ante
1187 625 1296 692 Christi
1320 631 1481 698 adventum

209 733 258 773 ex
294 719 407 774 natura
434 706 478 770 rei
510 707 634 770 moralis
666 705 836 769 necessaria
876 707 950 770 fides
970 709 1107 792 explicita
1133 711 1162 772 ln
1192 711 1365 795 Christum,
1387 727 1481 800 atque

212 795 402 859 neccessitate
419 793 510 857 medii
527 791 565 853 ad
592 791 834 853 iustificationem
875 790 927 855 SS.
951 792 1126 856 Trinitatem
1151 813 1210 858 non
1228 805 1292 860 erat
1311 805 1479 867 necessaria

210 891 252 941 ει
265 879 305 942 ad
322 879 464 951 salutem,
480 885 543 938 tum
560 874 630 956 quia
645 877 718 936 haec
734 893 837 936 neces·
876 878 1046 940 necessitate
1063 881 1152 941 medii
1170 877 1206 942 ad
1226 879 1370 946 salutem:
1390 903 1478 964 ergo,

211 965 301 1025 sitas
318 983 354 1025 en
370 973 477 1024 natura
496 961 539 1021 rei
554 957 700 1021 declarari
719 957 833 1039 nequit,
875 958 1019 1039 inserunt,
1048 979 1145 1046 neque
1163 973 1230 1046 post
1241 965 1404 1047 Christum,
1418 971 1481 1035 sive

214 1059 290 1108 tum
313 1045 387 1130 quia
406 1045 471 1106 sine
490 1045 540 1105 illa
559 1063 592 1105 ex
612 1043 676 1104 sola
702 1041 759 1104 hde
783 1041 834 1105 llei
875 1053 957 1120 aute,
978 1045 1039 1107 sive
1054 1055 1121 1128 post
1138 1048 1333 1114 sufficientem
1354 1053 1422 1116 ndei
1443 1075 1479 1117 e·

212 1129 468 1193 remuneratoris
494 1135 591 1210 potest
608 1127 677 1188 elici
697 1135 780 1188 actus
800 1145 835 1188 a·
875 1129 1045 1204 vangelicae
1086 1131 1362 1218 praedicationem,
1410 1139 1479 1202 talis

214 1216 365 1277 micitiae
394 1211 629 1294 supernaturalis
660 1210 834 1294 perlectus,
877 1212 1026 1274 censenda
1047 1223 1107 1292 est;
1134 1215 1267 1298 alioquin
1292 1239 1346 1300 per
1370 1218 1478 1286 Christi

213 1297 413 1362 iustihcaudi
432 1298 490 1358 rim
516 1295 655 1374 hahens,
682 1304 743 1356 tum
765 1294 836 1376 quia
877 1295 1035 1358 aduentum
1053 1295 1224 1362 iustihcatio
1237 1321 1290 1366 seu
1310 1304 1355 1366 via
1373 1305 1410 1367 ad
1427 1317 1479 1368 sa·‘

213 1395 310 1446 stare
328 1390 426 1465 potest
445 1381 520 1442 ddes
537 1381 601 1440 sola
620 1377 671 1440 het
688 1387 721 1439 ut
739 1397 836 1440 remu·
876 1379 968 1442 lutem
989 1381 1067 1444 tacta
1086 1381 1193 1445 luisset
1226 1385 1399 1450 hominihus
1418 1391 1478 1452 dil·

216 1467 393 1544 ueratoris,
410 1475 500 1546 atque
519 1464 630 1525 idcirco
649 1463 737 1525 etiam
751 1482 837 1524 amor
875 1463 1096 1546 hcilior,.quam
1112 1476 1198 1529 autea
1212 1480 1291 1532 essct
1304 1469 1352 1550 iis,
1367 1473 1479 1554 quihus

214 1553 306 1630 Dei,
343 1550 476 1611 nondum
496 1548 597 1610 hahita
618 1545 725 1610 Christi
744 1547 813 1609 hde.
875 1547 1011 1610 Christus
1034 1549 1229 1614 annuntiatus
1248 1571 1306 1616 non
1326 1566 1392 1637 est,
1426 1568 1481 1622 aut

270 1633 581 1715 363.llaecporroex
595 1651 630 1692 eo
643 1631 834 1706 contirmant,
876 1649 944 1692 eum
973 1633 1197 1716 inculpabiliter
1227 1636 1376 1714 ignorant.
1403 1639 1477 1708 ltem

213 1721 334 1800 qarod,
364 1727 396 1779 ut
424 1717 538 1798 aliquid
570 1715 687 1777 dicatur
706 1717 835 1790 arcadium
876 1715 977 1778 divina
996 1715 1113 1780 bonitas
1135 1737 1169 1800 ac
1190 1721 1322 1784 salvandi
1342 1725 1480 1790 uoluntas

213 1804 433 1867 successorium
456 1801 663 1877 adsalutem,
694 1800 720 1860 si
752 1799 781 1861 id
801 1820 834 1862 ex
876 1799 912 1860 ad
932 1801 1089 1882 pauciores
1108 1812 1257 1868 coarctata
1282 1807 1398 1872 luisset.
1418 1809 1479 1872 hc·

217 1890 296 1970 ipsa
329 1886 373 1948 rei
394 1895 499 1947 natura
518 1883 656 1962 cognosci
681 1893 833 1964 nequeat,
877 1884 967 1960 cedit,
992 1885 1073 1966 quod
1102 1886 1132 1947 iu
1158 1889 1308 1952 contraria
1331 1896 1479 1959 sententia

216 1972 322 2033 ‹lehet
340 1971 446 2033 saltem
467 1978 498 2030 nt
513 1969 570 2030 tale
586 1969 626 2030 ita
646 1969 725 2029 clare
743 1987 760 2028 a
775 1968 835 2030 Deo
877 1966 1047 2030 iustihcatio
1066 1969 1144 2032 inter
1167 1970 1301 2036 infideles
1326 1977 1479 2055 negativos

218 2054 514 2137 esse-propositum
548 2071 582 2114 ac
615 2053 834 2134 promulgatum
876 2071 956 2114 nunc
975 2052 1098 2115 deberet
1115 2055 1178 2118 steri
1203 2075 1255 2138 per
1275 2059 1477 2140 miraculum,

219 2139 377 2202 omnihus
397 2138 518 2198 omuino
542 2135 733 2214 hominihus,
754 2145 787 2198 ut
806 2137 835 2199 id
875 2154 943 2196 cum
963 2146 1031 2200 aute
1049 2137 1157 2201 Christi
1175 2139 1332 2206 adventum
1363 2143 1427 2206 siue
1441 2167 1478 2208 eo

218 2223 343 2285 nadlius
365 2221 500 2284 notitiam
521 2221 665 2297 etlugiat,
690 2239 725 2281 ac
743 2221 779 2281 de
800 2240 835 2283 eo
876 2229 905 2281 et
922 2222 1112 2284 communius
1127 2221 1231 2285 haberi
1247 2228 1404 2308 potuisset.
1423 2229 1479 2292 lle·

222 2309 333 2369 nullus
352 2306 513 2389 prudenter
527 2303 664 2366 dubitare
684 2316 785 2385 qaneat,
804 2316 835 2368 ιιι
875 2324 957 2366 mum
973 2305 1116 2386 subdunt,
1134 2307 1159 2368 si
1178 2307 1404 2374 fundamentum
1420 2315 1478 2376 hu·

220 2401 310 2472 pauet
328 2400 392 2453 tum
413 2410 447 2452 ex
473 2391 598 2472 paritate
621 2389 657 2450 de
683 2389 834 2470 primariis
874 2389 922 2450 ius
940 2389 1096 2454 absolutae
1116 2393 1303 2458 necessitatis
1325 2399 1478 2478 expenda-

220 2474 398 2557 praeceptis
416 2473 619 2550 naturalibus,
642 2483 704 2534 tum
725 2492 759 2535 ex
778 2493 833 2556 pa·
876 2481 944 2551 tur,
961 2491 1009 2534 res
1026 2473 1212 2539 manifestior
1230 2478 1292 2542 liet.
1310 2477 1383 2543 Nam
1404 2484 1479 2546 tides

222 2559 316 2622 ritate
334 2558 485 2642 praecepti
515 2558 650 2640 positivi,
678 2557 758 2639 quod
777 2559 833 2620 suh
874 2556 904 2617 in
924 2555 1074 2620 Christum
1096 2559 1234 2644 explicita
1260 2575 1384 2628 nonest
1412 2569 1477 2630 lor·

222 2643 320 2705 duhia
338 2651 452 2704 tantum
466 2641 705 2724 promulgatione
716 2661 769 2703 seu
786 2662 835 2703 ea·
875 2641 962 2702 malis
978 2661 1067 2704 causa
1086 2643 1324 2726 iustificationis,
1349 2659 1380 2711 ut
1406 2669 1476 2713 cer-

223 2728 366 2790 sistentia
383 2746 442 2788 non
463 2727 585 2804 obligat.
605 2725 666 2786 lam
685 2744 755 2787 vero
778 2745 833 2788 ne·
875 2733 936 2786 tum
958 2735 1003 2786 est
1019 2737 1122 2789 contra
1140 2729 1325 2809 haereticos,
1360 2753 1414 2797 nec
1433 2745 1478 2798 est

230 2832 274 2872 nto
290 2811 385 2889 dicet,
407 2811 494 2873 ladem
515 2808 683 2891 explicitam
704 2809 733 2870 in
749 2809 834 2872 Chri·
874 2828 907 2870 ex
928 2817 1035 2871 natura
1055 2829 1109 2872 sua
1127 2813 1292 2894 requisita,
1322 2827 1355 2877 ut
1372 2838 1426 2900 per
1445 2839 1478 2882 se

226 2905 307 2957 stum
324 2904 357 2957 et
374 2895 404 2956 iu
419 2893 471 2956 SS.
489 2894 664 2956 Trinitatem
690 2903 830 2976 tanquam
874 2902 965 2972 patet,
988 2901 1130 2958 etomnes
1146 2895 1287 2977 latentur,
1304 2900 1356 2962 sed
1376 2903 1476 2966 solum

226 2981 361 3042 medium
379 2979 584 3040 necessarium
602 2977 776 3040 adsalutem
791 2978 832 3041 ita
873 2977 940 3038 ideo
965 2978 1133 3040 necessaria
1157 2987 1222 3060 est,
1254 2984 1325 3064 quia
1354 2987 1477 3050 oraruino

225 3084 295 3126 osse
311 3083 330 3125 a
348 3063 409 3125 heo
435 3065 513 3125 clare
531 3061 713 3144 propositam
734 3073 763 3123 et
781 3081 831 3125 re·
873 3059 980 3138 decet,
1005 3070 1037 3123 ut
1064 3063 1242 3127 iustificatos
1261 3079 1402 3146 agnoscat
1419 3091 1475 3134 auu·

223 3150 367 3209 relatam.
386 3145 460 3208 Nam
482 3149 512 3208 l⁰
531 3147 716 3208 clarissimus
737 3155 831 3209 tentus
872 3155 985 3208 ctorem
1016 3155 1046 3208 et
1080 3165 1199 3210 causam
1232 3154 1374 3215 moralem
1401 3173 1475 3218 suae

221 3231 399 3314 Scripturae
428 3232 465 3294 de
500 3243 607 3293 natura
636 3241 665 3291 et
694 3231 831 3293 absoluta
873 3229 1141 3308 iustificationiset
1159 3233 1277 3297 salutis.
1297 3235 1473 3302 l'orrohaec

222 3315 495 3378 necessitateddei
523 3315 612 3376 etiam
632 3313 753 3375 innovo
771 3314 830 3376 Te·
873 3313 1011 3376 decentia
1044 3334 1102 3376 non
1135 3317 1233 3396 arguit
1267 3321 1476 3386 necessitatem

221 3397 829 3482 stamentoestilleapostoli(lichnus,
871 3400 982 3476 medii,
1020 3399 1072 3460 sed
1103 3401 1197 3462 solius
1217 3408 1475 3485 praecepti‚cuur

222 3484 285 3564 6).
305 3484 344 3545 ht
361 3501 431 3544 nero
447 3483 476 3544 iu
492 3503 528 3544 co
543 3481 617 3544 sides
635 3483 665 3543 iu
681 3482 829 3545 Christum
871 3483 1094 3544 sufficienter'et
1106 3484 1243 3547 absolute
1259 3491 1391 3570 suppleri
1407 3511 1472 3574 pus-

221 3587 284 3628 raon
300 3567 490 3648 requiritur,
514 3567 566 3628 sed
581 3567 679 3628 solum
695 3567 724 3626 in
737 3565 828 3630 [lenm
871 3565 911 3627 sit
941 3585 993 3648 per
1019 3566 1106 3628 hdem
1129 3567 1182 3629 Dei
1213 3575 1474 3654 remuneratoris,

221 3653 402 3712 existentem
435 3659 465 3712 et
495 3659 764 3712 remuneratorem.
798 3653 831 3713 9⁰
871 3649 922 3729 qui
942 3651 1037 3731 prima
1058 3660 1088 3711 et
1108 3649 1282 3734 principalis
1311 3675 1401 3718 causa
1431 3669 1474 3722 est

222 3736 283 3797 Alii
302 3743 401 3796 textus
420 3733 560 3816 explicari
578 3735 666 3796 aliter
688 3744 827 3816 possunt,
871 3733 1103 3796 iustificationis.

221 3838 315 3900 quam
347 3818 384 3880 de
404 3819 581 3880 necessitate
604 3819 707 3880 medii.
739 3819 771 3880 3⁰
788 3818 830 3882 Ile
898 3819 985 3880 -365,
1006 3816 1097 3889 Quod·
1111 3817 1221 3881 dictum
1238 3831 1284 3884 est
1302 3821 1338 3884 de
1355 3823 1412 3886 dde
1425 3844 1475 3888 ex-

224 3904 279 3965 hac
298 3902 478 3965 necessitate
498 3923 557 3964 ron
577 3903 674 3965 solum
693 3901 831 3965 dubitant
871 3901 973 3982 plicita
992 3901 1021 3962 in
1035 3901 1183 3968 Christum
1200 3923 1254 3988 pro
1270 3927 1345 3970 novo
1369 3907 1475 3972 Testa·

221 3985 394 4065 grauissimi
412 3997 561 4064 auctores,
580 3988 633 4048 sed
657 4005 722 4048 eam
742 4005 829 4068 pror·
870 3994 984 4063 mento,
1019 3985 1049 4047 id
1072 3987 1169 4069 ipsum
1199 3990 1351 4054 alorliori
1370 3993 1475 4056 dicen·

221 4091 275 4132 sus
298 4079 420 4149 negant,
440 4071 522 4153 iique
545 4072 631 4132 multi
651 4070 785 4132 doctrina
801 4081 830 4133 et
870 4070 941 4132 dum
961 4071 996 4132 de
1015 4071 1072 4131 hde
1091 4071 1229 4153 explicita
1248 4073 1279 4136 in
1300 4079 1474 4156 mysterium

222 4155 336 4235 pietate
352 4155 618 4217 commendabiles.
636 4155 828 4217 ursanensi
869 4153 920 4216 SS.
941 4153 1107 4217 Trinitatis.
1129 4157 1158 4218 Si
1176 4158 1258 4220 enim
1279 4181 1337 4222 non
1355 4172 1399 4223 est
1419 4183 1475 4225 ne·

221 4243 294 4319 quis
310 4239 347 4301 de
372 4258 407 4301 ea
424 4240 482 4302 hde
500 4241 626 4301 solerter
643 4239 827 4317 instituatur,
869 4239 1000 4301 cessaria
1015 4240 1193 4302 necessitate
1215 4244 1306 4306 medii
1329 4246 1475 4308 tides-ex-

223 4344 291 4385 eam
309 4323 430 4407 penitus
455 4325 586 4401 ignorat3
613 4333 658 4385 ast
677 4323 830 4384 institutor
870 4323 974 4404 plicita
994 4323 1024 4384 in
1050 4323 1158 4386 Christi
1176 4325 1379 4405 diuinitatem3
1401 4349 1474 4412 pro-

219 4407 373 4470 eiusmodi
393 4407 430 4469 ad
448 4408 620 4469 innumeras
641 4416 742 4486 gentes
769 4425 828 4469 uon
869 4408 946 4470 secto
969 4425 1066 4488 neque
1082 4409 1139 4471 erit
1155 4409 1323 4473 neccssaria
1339 4413 1412 4474 ddes
1425 4433 1475 4475 eu-

222 4491 378 4571 pertingit.
869 4492 970 4572 plicita
989 4492 1018 4552 in
1037 4489 1088 4553 SS.
1111 4491 1309 4574 Trinitatem,
1330 4497 1395 4557 sine
1414 4517 1475 4578 apua

265 4577 340 4638 aot.
360 4574 510 4652 Rursum,
532 4574 683 4656 plerisque
706 4573 828 4637 latenti·
869 4575 944 4637 tides
962 4575 1013 4636 illa
1033 4573 1136 4636 haberi
1156 4578 1271 4658 nequit.

225 4657 294 4738 hus,
313 4669 375 4722 tum
396 4659 428 4721 in
457 4660 522 4737 lege
550 4667 687 4738 naturae,
711 4668 773 4722 tum
797 4659 828 4722 in
912 4661 985 4722 366.
1004 4658 1075 4720 Post
1101 4659 1176 4722 haec
1192 4660 1270 4723 niam
1289 4661 1349 4724 sibi
1366 4673 1477 4747 parant
