3700 5659
408 473 470 534 131
635 525 642 536 .
893 490 930 534 nr:
949 489 1092 534 ennianae

365 605 425 666 que
444 601 496 664 per
514 599 579 642 eain
601 587 738 658 vegetat,
767 586 913 654 movetur,
937 588 968 642 et
1009 578 1169 642 dammodo
1196 587 1227 642 et
1257 588 1417 644 consortes
1445 580 1603 651 eradamus
1660 647 1661 658 ,

366 671 400 732 sit
427 667 464 730 ad
487 683 589 728 omnes
613 664 767 726 naturales
798 663 968 726 functiones
1009 661 1092 725 Unda
1112 664 1219 726 merito
1237 684 1263 727 s.
1281 664 1340 727 Leo
1359 664 1426 727 tt:
1462 667 1602 748 Apnosoe,

366 754 528 827 idoneum,
550 749 591 810 ita
619 766 672 830 per
694 747 847 810 caritatem
868 747 969 810 anima
1008 747 1171 825 scribebat,
1191 768 1209 811 o
1232 749 1418 827 christiane,
1443 751 1605 831 dipniteten

367 847 469 900 nostra
488 834 547 895 Deo
559 831 798 894 coniunetnvivit
813 831 844 894 in
863 831 969 894 ordine
1008 841 1103 910 taam,
1122 841 1148 893 et
1168 834 1287 896 divinae
1303 851 1427 897 consors
1448 837 1547 914 factas
1558 856 1604 899 na-

365 917 599 1004 supernaturali,
618 924 734 994 vegetat
757 915 967 998 perrirtutum
1009 925 1108 994 tarne,
1125 918 1188 980 noti
1206 919 1239 979 in
1258 925 1384 981 peterem
1401 919 1549 982 vilitatem
1563 922 1604 984 dt·
1664 935 1665 970 ι

366 1004 526 1080 exercitia,
560 1011 589 1065 et
614 1001 685 1064 iacit
702 1001 815 1063 tructus
848 1009 970 1063 aeterna
1007 1002 1112 1081 peneri
1130 1003 1354 1064 coatrae-satione
1370 1003 1482 1065 redire
1499 1005 1558 1084 (1).

369 1087 555 1154 beatitudine
582 1086 699 1164 dignos.
720 1083 781 1148 Hac
805 1085 842 1148 de
878 1103 970 1148 eausa
1053 1087 1125 1146 156.
1145 1085 1186 1147 Er
1216 1086 1272 1147 hac
1289 1104 1379 1166 porro
1408 1086 1547 1149 caritatis
1562 1089 1605 1150 ha·

367 1175 469 1236 aiebat
486 1171 622 1234 Christus
642 1169 685 1232 10.
706 1187 753 1242 av,
785 1169 823 1230 d:
852 1171 972 1234 Monate
1010 1167 1132 1230 bitualis
1160 1169 1334 1231 definitione
1356 1189 1393 1232 ac
1418 1171 1544 1234 notione
1568 1173 1605 1234 ia-

369 1261 401 1322 in
421 1275 487 1334 me,
506 1263 535 1319 et
562 1273 614 1336 epo
638 1255 670 1316 in
690 1253 782 1316 vodis.
806 1254 889 1317 Sient
899 1254 971 1334 pot·
1010 1252 1068 1315 cite
1083 1261 1129 1315 est
1154 1253 1285 1331 inferre,
1310 1273 1468 1335 quaenam
1488 1256 1547 1317 sint
1562 1256 1607 1317 do·

367 1362 429 1406 mes
444 1359 504 1405 non
520 1348 612 1421 potest
630 1340 711 1420 serre
729 1339 865 1419 fractam
888 1355 971 1400 ase·
1011 1338 1126 1399 ctrinae
1139 1337 1259 1419 capita,
1281 1357 1359 1418 quae
1391 1339 1448 1400 hie
1467 1340 1607 1402 adstruere

370 1427 503 1507 metipso,
524 1424 586 1487 nisi
612 1424 757 1486 manserit
776 1423 809 1484 in
837 1423 913 1496 aite;
931 1421 973 1485 sio
1012 1430 1043 1483 et
1052 1422 1211 1484 enucleare
1225 1421 1410 1502 debeamus3
1424 1423 1608 1486 scilieeteou-

369 1529 421 1574 noo
438 1529 500 1586 aas,
520 1508 581 1570 nisi
595 1509 629 1570 in
647 1525 692 1570 me
707 1507 886 1568 manseritis.
1012 1506 1137 1568 stituere
1154 1506 1313 1584 debemus,
1335 1509 1366 1568 1·
1379 1508 1541 1570 caritatem
1554 1527 1608 1570 essa

323 1605 335 1627 ⁰
415 1596 486 1656 151.
504 1589 553 1653 Sia
571 1591 681 1653 dicitur
698 1591 855 1670 spirituale
872 1590 975 1654 conia·
1012 1590 1113 1672 reipsa
1131 1590 1243 1653 donum
1261 1610 1280 1652 a
1307 1589 1426 1674 Spiritu
1451 1600 1555 1654 sanato
1570 1593 1609 1652 di·

367 1682 472 1762 pinm;
502 1695 571 1738 nam
603 1675 771 1738 arctissimo
804 1675 974 1737 dilectionis
1013 1675 1174 1752 stinctum3
1210 1675 1242 1736 2·
1264 1694 1333 1737 vere
1364 1695 1438 1738 esse
1460 1677 1608 1738 amicitiam

370 1763 490 1825 vinculo
510 1779 562 1843 per
594 1779 660 1822 eam
686 1759 765 1822 Deus
782 1759 901 1822 animae
920 1778 974 1821 eo·
1014 1759 1233 1837 ιιιιιι11ιιο;3ο
1258 1759 1383 1822 eandem
1406 1779 1479 1823 esse
1502 1761 1608 1822 vianet

371 1850 504 1930 putatur,
522 1846 552 1906 in
572 1863 608 1906 ea
625 1843 774 1906 inhabitat
786 1843 890 1925 ibique
905 1863 975 1906 sua·
1015 1844 1147 1924 patriae3
1175 1844 1208 1905 4⁰
1233 1862 1300 1905 esse
1317 1844 1465 1906 uirtutem
1490 1843 1608 1906 omniun

371 1933 493 1996 tissime
512 1929 695 2006 delectatum
718 1947 770 2008 per
793 1947 859 1990 eam
888 1927 975 1990 insu·
1016 1927 1315 2008 praestantissimam.
1334 1929 1438 2010 Atque
1453 1929 1606 2004 haeesunt,

371 2036 427 2100 per
446 2016 547 2077 anima
561 2014 602 2075 ita
626 2033 694 2076 cum
716 2013 776 2075 neo
796 2033 890 2076 unum
918 2013 977 2074 ali·
1016 2031 1095 2092 quae
1114 2013 1236 2075 totidem
1257 2013 1550 2094 propositionihnsa
1565 2031 1609 2072 no·

374 2101 447 2183 qnid
466 2097 979 2179 efficitur,quemadmodumspon-
1018 2096 1065 2158 bis
1096 2105 1189 2159 erunt
1211 2095 1401 2159 uindicanda.
1440 2096 1514 2159 Nam
1543 2093 1608 2176 qnod

326 2255 332 2268 ⁸
374 2187 399 2248 si
427 2204 481 2266 per
509 2183 683 2260 coniugium
714 2182 883 2246 afficiuntur
919 2201 979 2244 una
1018 2180 1125 2243 attinet
1156 2181 1194 2244 ad
1223 2181 1449 2244 inhaerentiam
1480 2181 1511 2242 in
1538 2179 1608 2241 nobis

372 2289 457 2332 caro.
477 2267 551 2329 Hinc
570 2267 607 2328 de
627 2267 682 2328 han
708 2265 884 2328 beatissima
902 2285 978 2328 ann·
1018 2265 1175 2341 caritatis,
1205 2264 1242 2327 ad
1271 2265 1410 2328 eiusdem
1430 2276 1607 2344 augmentum

375 2353 529 2415 iunctione
549 2350 693 2431 seriptum
709 2350 844 2432 estapnd
857 2347 977 2429 Ossam,
1019 2359 1050 2411 et
1080 2349 1293 2427 amissionem,
1325 2349 1386 2411 iam
1418 2349 1495 2412 satis
1512 2349 1607 2426 egimus

376 2455 410 2513 ιι,
433 2438 483 2511 ts,
503 2435 559 2496 1οε
581 2435 732 2512 Spartanis
749 2443 776 2496 te
793 2435 867 2496 mitti
885 2436 980 2497 inin·
1020 2433 1051 2494 in
1071 2442 1197 2496 tractatu
1228 2435 1271 2497 De
1288 2435 1411 2515 pratia,
1447 2443 1525 2516 part.
1554 2438 1608 2493 uet

377 2522 482 2596 stitia,
501 2528 527 2581 et
548 2520 581 2580 in
600 2519 734 2594 indicio,
760 2527 786 2580 et
806 2519 839 2580 in
858 2518 979 2581 miseri·
1020 2536 1072 2592 ιιι,
1104 2537 1183 2598 quae
1210 2527 1282 2580 sunt
1306 2520 1343 2581 de
1362 2519 1569 2599 iustificatione
1587 2520 1607 2576 et

375 2606 502 2680 cordio,
533 2611 559 2664 et
590 2603 622 2663 in
654 2603 906 2665 miserationibus.
938 2605 980 2666 Et
1020 2603 1150 2681 merito,
1181 2601 1235 2664 ubi
1265 2603 1516 2683 perstrinximus,
1547 2616 1608 2680 quaa

375 2690 520 2772 sponsata
537 2694 565 2748 te
583 2687 658 2749 mitti
683 2687 714 2749 in
733 2687 790 2766 fide
798 2711 812 2760 ;
838 2695 867 2750 et
883 2687 979 2765 scies,
1021 2687 1058 2747 ad
1078 2687 1136 2748 hoc
1153 2696 1362 2764 argumentum
1381 2688 1562 2750 resemntur.
1574 2681 1606 2743 Sit

379 2775 451 2855 qnia
466 2789 516 2852 epa
535 2773 693 2835 Dominus.
710 2769 805 2834 Huius
824 2790 893 2833 vero
906 2790 982 2832 con·
1021 2771 1123 2853 itaque

378 2858 452 2936 iugii
471 2875 589 2918 autores
605 2865 635 2918 et
651 2856 835 2918 castissimas
848 2856 983 2936 votnpta·

378 2952 423 3006 tes
443 2961 496 3023 per
509 2941 634 3018 figurata
649 2939 818 3003 Salomonis
834 2949 864 3002 et
881 2937 982 3002 Suna-
1220 2938 1394 2985 ¹¹¹¹⁰P⁰⁵ffl⁰
1419 2940 1443 2986 ¹·

379 3027 493 3088 mitidis
505 3024 656 3104 colloquia
671 3024 701 3085 in
717 3034 779 3088 1010
795 3025 981 3087 canticorum
1023 3038 1123 3092 Caritas
1140 3040 1277 3090 taatrennu
1300 3045 1335 3090 est
1351 3044 1435 3092 nirtes
1451 3040 1607 3102 rapinatore-

380 3111 457 3172 libro
476 3107 670 3170 adumbratos
688 3117 791 3172 sancta
808 3128 928 3192 semper
939 3109 985 3171 in·
1059 3109 1117 3159 risa
1134 3109 1187 3160 Dea
1199 3113 1224 3157 m
1235 3111 1459 3190 coraiamjmnn
1476 3107 1563 3183 infun,
1576 3115 1607 3180 ξι·

380 3192 494 3255 tellexit
512 3191 657 3252 Ecclesia,
1058 3181 1149 3226 danem
1166 3181 1275 3226 meatum
1288 3193 1304 3225 a
1321 3179 1416 3238 Sparata
1438 3179 1522 3226 saneto
1538 3175 1606 3221 distra-

424 3277 496 3336 455,
516 3274 631 3335 Dicitur
651 3273 781 3356 denique
802 3277 985 3340 consortium
1058 3249 1134 3306 etam,
1152 3261 1200 3307 quo
1217 3248 1496 3306 inaetosrrttmpirnas.

379 3361 502 3422 divitiae
525 3369 687 3444 araturae:
708 3360 780 3441 quia
808 3360 917 3423 caritas
948 3380 985 3423 ea
1070 3363 1145 3426 151.
1180 3361 1349 3444 Propositio
1377 3362 1452 3424 haee
1484 3365 1606 3422 certast

382 3453 445 3524 est,
468 3455 504 3505 ae
523 3462 583 3523 qua
598 3443 681 3505 ioan.
702 3462 723 3522 ι,
743 3463 791 3526 ep.
805 3463 847 3522 ιιι,
866 3446 895 3522 1,
913 3445 987 3508 seri·
1026 3447 1197 3510 eommunis
1227 3456 1273 3510 est
1299 3447 1378 3509 inter
1409 3446 1605 3521 theologum

382 3529 489 3592 hebet:
517 3528 624 3603 Videte,
639 3529 754 3608 pentem
766 3531 923 3592 raritatem
937 3531 988 3593 de·
1026 3532 1138 3613 quibus
1156 3531 1323 3594 adstruitur
1339 3531 1482 3593 adsersus
1493 3522 1605 3601 singuta-

380 3616 427 3677 dit
443 3613 526 3676 nobis
539 3613 651 3689 Peter,
672 3622 705 3676 nt
725 3614 783 3693 pta·
810 3615 866 3677 Dei
885 3616 995 3688 nemis
1027 3636 1090 3679 rem
1110 3616 1282 3698 opinionem
1301 3615 1379 3678 Petri
1396 3609 1551 3676 Lombardi
1565 3619 1605 3666 sm

279 3723 281 3727 ·
382 3716 491 3760 nemea·
508 3705 534 3760 et
562 3698 667 3759 simas.
688 3697 766 3760 Haeo
788 3718 909 3780 qnoque
932 3718 986 3762 ca·
1026 3699 1156 3779 Magistri
1169 3699 1397 3777 sententiarum,
1410 3700 1464 3781 qui
1478 3699 1508 3759 in
1519 3693 1539 3756 1.
1550 3689 1604 3751 dist·

382 3782 457 3844 ritas
472 3789 517 3844 est
546 3781 669 3862 spiritus
691 3781 742 3844 itte
760 3782 930 3864 adoptionis
949 3785 986 3844 ir·
1027 3803 1098 3863 xvir,
1118 3786 1203 3865 518,
1223 3784 1386 3861 contendit,
1407 3770 1592 3852 caritatemd

385 3865 507 3944 tiorum,
522 3864 558 3926 de
572 3885 631 3946 qun
647 3866 801 3948 apostolus
816 3865 904 3930 Rom.
919 3885 984 3946 vtrr,
1027 3889 1088 3949 qua
1109 3869 1286 3931 disserimus
1302 3888 1361 3929 non
1376 3864 1516 3944 distingui
1528 3880 1545 3923 a
1556 3856 1605 3935 spa
1628 3873 1630 3882 '

387 3949 439 4025 15,
461 3952 516 4012 td:
537 3950 573 4011 In
589 3967 667 4027 qno,
687 3951 806 4032 inquit,
826 3953 989 4014 clamamus
1028 3953 1088 4015 ritu
1107 3961 1223 4031 sancto,
1253 3952 1306 4033 qui
1325 3961 1371 4014 est
1391 3946 1547 4014 notionatis
1566 3940 1605 4000 Det

383 4033 467 4110 Abda
485 4033 611 4112 (Pater)
631 4035 682 4112 qni
701 4036 903 4098 testimoninm
920 4036 989 4099 red·
1028 4037 1148 4099 caritas.
1180 4035 1245 4107 Quo
1263 4035 1411 4118 principio
1434 4033 1523 4098 semel
1546 4040 1603 4115 cop·

384 4117 428 4178 dit
442 4117 566 4195 spiritui
584 4126 698 4190 nostem
717 4121 792 4197 qnod
810 4138 913 4182 sirmas
931 4121 990 4200 pta·
1029 4122 1146 4199 stituto,
1167 4121 1258 4182 insert
1275 4119 1358 4201 ipse,
1377 4129 1538 4182 ceterarum
1551 4124 1603 4189 qut·

385 4199 453 4274 Dei,
474 4217 571 4279 enque
589 4199 654 4279 ipso
684 4202 840 4264 haeredes.
858 4203 916 4264 Sed
934 4205 989 4265 filii
1030 4206 1096 4268 dem
1115 4205 1257 4267 virtutum
1277 4214 1373 4280 aetus,
1393 4203 1462 4265 tidei
1479 4220 1521 4264 er.
1534 4193 1604 4273 gnei

385 4293 468 4345 certe
487 4292 556 4344 sunt
574 4301 642 4344 cum
666 4293 749 4365 patre
768 4287 903 4348 eiusdem
932 4307 989 4349 na·
1030 4291 1094 4371 spei
1113 4289 1235 4352 excitari
1253 4288 1387 4350 innubis
1405 4284 1603 4369 aSpiritusan·

388 4376 474 4430 turae
502 4365 673 4450 participes.
707 4367 782 4432 Hinc
802 4371 852 4448 stt,
877 4379 909 4432 ut
938 4391 992 4451 per
1031 4383 1080 4436 cto
1109 4373 1259 4436 mediante
1289 4373 1418 4446 hahita,
1441 4390 1493 4434 sau
1518 4363 1604 4426 virtute

386 4452 540 4514 caritatem
570 4470 605 4513 eo
639 4452 723 4534 ipso,
758 4454 840 4534 quod
862 4454 914 4516 [tei
938 4455 992 4516 titii
1032 4466 1133 4521 ereata
1151 4458 1189 4521 ab
1206 4457 1271 4540 ipso
1289 4456 1531 4534 distincta,aetus
1549 4454 1602 4504 tert

1660 683 1665 930 1

1664 1037 1667 1096 1

386 4535 555 4616 Christique
575 4537 708 4600 membra
728 4538 893 4617 efficimur,
914 4538 992 4600 diri-
1067 4572 1106 4637 (t)
1123 4572 1234 4624 Sarma
1251 4573 1287 4623 ρ,
1305 4570 1365 4625 pap,
1377 4569 1486 4634 mm,
1502 4582 1527 4616 u.
1542 4547 1602 4621 net.
1665 4570 1667 4592 s

387 4637 443 4680 nae
459 4639 581 4702 quoque
601 4622 760 4706 participes
778 4631 903 4686 naturae
918 4643 993 4706 quo·
1034 4637 1159 4692 patierin.
