3700 5659
672 615 676 620 ,
746 565 841 612 carun
856 570 898 614 iv.
1342 556 1405 622 945

214 659 363 727 auant
374 663 405 724 5.
422 663 496 744 Nep.
506 661 620 724 Caritas
629 659 708 722 enim
720 659 797 733 riae,
841 668 995 740 comparat
1013 661 1103 724 aetati
1132 665 1302 744 perfectae,
1326 686 1380 730 seu
1397 669 1444 732 ri-

166 747 219 810 uti
241 747 408 830 respondit
425 765 450 807 s.
472 745 623 821 Thomas,
645 762 699 824 per
722 762 798 821 aug·
840 744 908 820 rili,
930 753 963 804 ut
979 746 1147 824 significet,
1168 763 1281 828 quanto
1300 770 1379 813 unus
1397 756 1445 815 al·

166 839 326 893 mentum
340 849 400 892 non
416 837 514 910 potest
529 829 685 909 pervenire
699 826 737 887 ad
749 846 798 888 ae·
842 835 936 887 terum
951 828 1136 906 perfectione
1157 833 1324 895 antecedat.
1353 835 1446 898 ‘Evin-

166 915 368 995 qnalitatem
389 913 503 995 patriae
520 921 642 992 propter
660 910 799 971 differen-
840 919 912 971 cunt
929 910 1088 973 autoritate
1108 921 1247 993 patrum,
1268 918 1320 997 qni
1340 918 1397 980 bac
1413 921 1444 982 iu

166 999 254 1060 tiam
279 1045 289 1076 ,
311 1015 391 1078 quae
415 1004 460 1057 est
494 1011 531 1056 en
557 995 641 1075 parte
674 1013 794 1055 causae.
840 994 1012 1054 reomnino
1031 999 1223 1059 conveniunt.
1244 998 1444 1082 Satisbicsit

170 1083 272 1144 Visio
295 1081 378 1143 enim
410 1087 452 1142 est
482 1079 624 1157 quaedam
652 1095 742 1140 cuam
760 1095 797 1138 o·
839 1075 1013 1157 speciminis
1027 1097 1098 1157 ergo
1117 1082 1208 1143 unius
1224 1085 1383 1148 alteriusve
1401 1097 1445 1149 te·-

166 1165 336 1227 moris....
356 1165 436 1226 Deus
453 1171 552 1224 autem
570 1170 682 1240 quooto
695 1163 797 1242 perse·
838 1161 1012 1223 stimonium
1028 1165 1172 1242 proferre.
1190 1163 1221 1226 S.
1244 1171 1440 1248 Augustinus,

166 1251 261 1310 otius
296 1247 504 1328 comouritur,
527 1254 610 1307 tooto
635 1246 797 1325 perfectius
839 1246 891 1325 qui
907 1246 938 1307 in
950 1246 1028 1307 libro
1043 1246 1080 1308 de
1097 1251 1230 1312 moribus
1242 1253 1377 1315 eccleciae
1393 1273 1443 1316 ca-

166 1341 312 1394 umatur
337 1331 396 1410 (l).
427 1329 522 1407 lgitnr
552 1328 663 1390 caritas
682 1329 797 1410 patriae
838 1329 957 1390 ritatem
970 1329 1035 1392 riae
1048 1342 1203 1394 vocaverat
1210 1335 1330 1414 pleoom
1342 1337 1371 1397 in
1385 1338 1439 1399 lib.

168 1415 288 1476 differt
310 1415 411 1476 solum
430 1411 531 1494 quoad
546 1412 760 1492 perfectionem
779 1433 797 1475 a
838 1411 861 1487 l,
876 1415 1007 1476 Retruet.
1028 1414 1059 1474 id
1072 1417 1226 1494 emendat·
1241 1418 1355 1481 dicens:
1376 1423 1441 1484 rlfe-

167 1499 313 1559 caritate
328 1497 405 1575 riae,
417 1515 477 1557 non
493 1505 592 1558 autern
613 1497 711 1576 quoad
724 1496 796 1557 sub·
838 1497 896 1558 lius
914 1499 1062 1560 diceretur
1086 1501 1213 1576 siucero,
1234 1519 1322 1580 queam
1340 1505 1439 1582 plenu,

169 1582 352 1643 stantiam:
376 1599 484 1660 nempe
502 1580 654 1660 quantitas
673 1580 794 1660 quidem
837 1598 875 1641 oe
888 1582 966 1660 (orte
974 1590 1137 1660 putaretur
1148 1587 1305 1647 cucufatem
1317 1589 1369 1649 Dei
1382 1607 1442 1650 arou

170 1665 325 1727 caritatis
343 1664 482 1744 aliaeque
504 1661 704 1725 accidentales
723 1682 795 1744 pro·
836 1663 975 1742 staturam
992 1683 1051 1727 erse
1072 1668 1236 1742 maiorem,
1255 1673 1376 1747 qarondo
1393 1673 1442 1734 oi-

171 1749 334 1828 prietates
348 1748 612 1828 pendentacausa
630 1747 796 1827 producen·
836 1749 969 1810 dedimus
986 1750 1063 1828 socie
1081 1752 1241 1830 adfaciem
1260 1753 1322 1833 (ᾖ),
1339 1765 1368 1815 et
1387 1755 1443 1818 ite-

172 1842 227 1909 ιθ,
262 1850 347 1913 quae
366 1841 411 1893 est
430 1832 461 1893 in
484 1831 579 1912 patria
608 1831 793 1911 perfectior,
836 1849 902 1892 rurn
923 1832 954 1893 in
974 1833 1028 1894 lib.
1046 1832 1083 1910 ΙΙ,
1103 1835 1215 1896 Gotrtro
1233 1838 1442 1901 curararum

175 1916 305 1977 seilicet
335 1915 434 1992 visio;
463 1914 515 1976 sed
545 1915 714 1976 substantia
740 1933 794 1977 seu
837 1915 920 1996 lepis,
938 1916 1088 1996 explicans
1108 1917 1182 1978 illud
1196 1918 1299 1980 llattb.
1319 1938 1368 1996 xi,
1388 1925 1438 1984 ll:

172 2001 320 2062 essentia
338 1998 447 2080 pendet
464 1999 503 2060 ab
523 1997 641 2059 obiecto
654 2007 684 2060 et
702 2017 793 2060 causa
838 2000 896 2072 (lui
907 2009 1004 2060 autem
1015 2005 1118 2062 minor
1133 2011 1176 2063 eet
1189 2004 1221 2062 io
1234 2020 1327 2084 raquo
1343 2007 1439 2066 coelo-

169 2083 321 2162 formali‚
342 2101 420 2164 quae
441 2091 486 2144 est
504 2081 620 2144 eadem.
835 2084 1076 2154 commotorest
1088 2085 1197 2160 illo,de
1211 2104 1302 2162 regno
1314 2089 1439 2150 coelesti

836 2165 948 2226 subdit:
962 2169 1003 2228 Et
1014 2168 1084 2245 quio
1095 2169 1138 2230 toi
1148 2177 1220 2231 sicot
1231 2172 1326 2232 saneti
1339 2174 1440 2250 ortqelt'

369 2249 546 2294 PR⁰P081l10
564 2250 605 2294 ll·
835 2251 959 2326 quilibet
971 2269 1009 2313 ea
1019 2253 1177 2330 eternium,
1186 2255 1330 2315 rnoiorest
1338 2259 1440 2334 utique

210 2329 318 2382 Habita
333 2335 428 2380 rollone
445 2336 538 2390 stolus,
556 2334 648 2412 coritae
663 2334 758 2394 pnlrloe
835 2335 1440 2417 quolibetsanctoetpffugpoportmqtecoppug

244 2403 285 2448 cst
299 2398 407 2448 obsolute
416 2400 545 2461 perfectior
556 2403 658 2448 caretate
671 2403 731 2450 rice.
834 2420 911 2494 quod
929 2420 1135 2498 corrumpitur
1156 2430 1183 2482 ep
1200 2431 1348 2501 awmvap
1366 2425 1437 2484 ani,

224 2499 307 2560 904.
336 2497 398 2560 Hoc
425 2499 491 2560 loco
513 2498 593 2560 utile
611 2499 794 2562 arbitramur
833 2518 913 2562 mom
934 2503 995 2582 (3).
1023 2502 1060 2564 llt
1077 2523 1103 2564 s.
1125 2503 1340 2585 Hieronymus:
1361 2508 1441 2584 Nos,·

179 2582 359 2663 expendere
395 2583 518 2644 alteram
556 2584 791 2664 quaestionem,
816 2583 961 2664 inquit,
999 2588 1173 2666 simpliciter
1208 2590 1436 2669 delenquentes,

179 2685 265 2744 quae
279 2666 361 2726 inter
375 2666 569 2728 scholasticos
588 2667 733 2744 agitatur:
756 2690 793 2730 u·
812 2670 912 2802 qquod
930 2672 1028 2730 omnis
1043 2680 1190 2747 coortus,
1212 2673 1265 2751 qui
1281 2675 1343 2734 ium
1372 2692 1439 2736 rum

180 2758 266 2810 trum
277 2768 388 2832 nempe
399 2751 499 2829 aliqua
508 2750 618 2812 caritas
628 2751 796 2832 viaepossit
812 2795 819 2853 Ι.
834 2753 894 2814 Deo
915 2763 969 2822 est,
999 2755 1097 2814 molor
1113 2756 1153 2815 sit
1181 2755 1251 2832 illo,
1272 2757 1324 2833 qui
1342 2759 1440 2818 addire

180 2851 255 2895 esse
284 2833 421 2914 aequalis
446 2834 565 2916 caritati
581 2835 720 2915 patriae‘l
741 2835 815 2897 Cui.
833 2835 966 2896 onustam
984 2837 1017 2897 io
1034 2838 1148 2916 proelio
1167 2838 1229 2917 (t);
1254 2848 1284 2899 et
1301 2838 1343 2899 ita
1364 2840 1439 2900 reli-

182 2917 389 2996 quaestioni,
422 2918 576 2999 supposita
604 2918 795 2981 distinctione
814 2903 818 2941 ¹
834 2919 898 2998 qui.

183 3000 269 3062 inter
286 3009 398 3064 stolum
411 3002 477 3063 uiue
490 3013 516 3064 et
534 3011 646 3064 statum
659 3005 793 3082 putatne,
875 3002 950 3064 205.
962 3001 1094 3083 idipsum
1108 3004 1268 3067 ostendunt
1281 3005 1440 3085 multiplici

183 3103 298 3145 omnes
328 3085 532 3165 respondent,
558 3086 660 3146 babila
678 3086 795 3160 ratione
814 3125 816 3142 .
835 3087 964 3161 ratione,
986 3106 1022 3148 ac
1049 3089 1080 3146 l⁰
1095 3088 1176 3168 quod
1193 3088 1225 3159 in
1244 3090 1341 3170 patria
1359 3091 1440 3151 rari-

183 3175 311 3244 status·‚
345 3168 499 3229 caritatem
519 3169 634 3249 patriae
653 3169 795 3230 excedere
814 3143 881 3230 itas
899 3170 983 3230 sitin
1003 3179 1082 3232 statu
1104 3174 1305 3249 connaturali,
1327 3173 1376 3234 bic
1393 3192 1442 3234 ve·

178 3269 415 3331 ¹quamcumque
444 3253 598 3313 caritatem
627 3252 715 3328 viae,
736 3273 795 3333 qua
835 3271 869 3313 ro
901 3253 1000 3315 adbuc
1021 3256 1228 3335 peregrinatur
1256 3278 1274 3318 a
1300 3257 1439 3318 Domino.

182 3335 308 3396 ratione
340 3336 393 3396 illa
410 3335 499 3397 debet
531 3336 668 3398 absolute
694 3339 762 3415 perf
779 3371 794 3383 ·
836 3335 868 3396 2⁰
897 3335 983 3407 Quod
1007 3338 1038 3398 in
1058 3341 1153 3420 patria
1189 3341 1330 3402 caritasa
1358 3344 1441 3402 nullo

181 3418 265 3478 otior
293 3417 365 3480 dici.
386 3417 478 3499 idque
505 3419 645 3480 evincunt
667 3429 728 3480 tum
759 3440 794 3482 ex
835 3421 929 3499 possit
964 3423 1111 3484 retardari
1141 3443 1240 3503 neque
1274 3425 1439 3504 impediri,

181 3501 326 3580 apostolo
348 3501 371 3563 l.
392 3501 549 3578 Comani,
573 3505 607 3563 ll
630 3503 792 3566 scribente:
836 3504 999 3581 quominus
1032 3513 1094 3566 toto
1127 3516 1235 3568 conatu
1268 3508 1382 3568 feratur
1407 3508 1440 3567 in
1495 3556 1499 3564 a

181 3586 263 3646 Cum
287 3602 377 3649 essem
402 3589 577 3665 pertractus,
603 3589 742 3666 loquebar
761 3597 794 3649 ut
832 3585 955 3663 ileum,
977 3588 1058 3666 quod
1089 3607 1149 3649 non
1180 3589 1288 3650 accidit
1316 3590 1347 3649 in
1380 3590 1439 3650 ria.

178 3669 363 3745 purvulas,
391 3671 539 3748 sapiebam
569 3679 602 3732 ot
622 3671 792 3750 paruulus,
837 3671 868 3730 3ο
897 3669 984 3740 Quod
1012 3671 1121 3732 caritas
1152 3672 1183 3732 in
1217 3672 1313 3754 patria
1340 3673 1442 3734 omnia

181 3752 352 3832 capitatam
392 3763 425 3818 ut
464 3755 624 3833 parvidus.
669 3755 795 3828 Quaado
836 3753 947 3815 referat
966 3753 997 3814 in
1025 3773 1120 3831 eum,
1142 3774 1231 3836 quent
1255 3775 1373 3818 summe
1392 3757 1441 3817 di-

182 3843 290 3896 outem
324 3837 421 3913 [cotue
449 3855 517 3899 suta
550 3839 620 3914 otr,
654 3839 796 3900 eooouuoa‘
836 3837 919 3914 ligit,
940 3837 982 3898 ita
1004 3847 1174 3900 utomnern
1193 3841 1239 3900 vel
1258 3840 1439 3901 levissimam

181 3935 261 3995 quoe
293 3928 379 3981 eruut
407 3921 543 4000 paruuli.
583 3919 700 3992 Quibus
726 3940 794 3983 ver·
837 3920 985 3981 incuriam
1011 3940 1065 3982 seu
1098 3923 1245 3984 defectum
1275 3924 1438 4001 excludat,
1518 3964 1522 3971 x

183 4001 233 4061 bis
271 4001 339 4082 ipse
379 4013 489 4064 statum
536 4003 601 4066 riae
643 4014 796 4084 comparat
836 4023 924 4066 secus
956 4022 991 4065 ac
1016 4005 1047 4064 in
1071 4004 1119 4066 ria
1154 4007 1253 4068 locum
1286 4006 1388 4068 babet.
1409 4009 1442 4069 l⁰

186 4084 364 4164 pueritiae,
400 4095 510 4148 statum
548 4099 647 4150 autent
680 4088 795 4170 patriae
836 4085 922 4158 Quod
941 4087 1093 4150 amicitiae
1108 4091 1186 4151 ratio
1204 4090 1393 4154 conditiones
1410 4112 1443 4153 o·

183 4281 435 4352 pernaturalempet
452 4284 567 4336 elicitum
594 4301 607 4335 u
632 4287 750 4349 raritate,
769 4295 794 4337 et
835 4284 922 4336 collat.
937 4301 995 4337 curn
1010 4285 1117 4354 iisquae
1130 4286 1221 4340 scribit
1235 4291 1272 4341 De
1284 4294 1357 4341 ecrit.
1370 4289 1439 4359 disp.

181 4348 214 4397 ab
246 4365 336 4400 amore
357 4349 674 4414 beatificodistinctum,
699 4364 723 4403 ct
750 4354 794 4404 illo
836 4357 948 4414 5,scct.
972 4359 998 4416 5,
1014 4371 1040 4404 n.
1059 4359 1086 4406 8.

179 4425 240 4466 actu
255 4411 443 4483 perfectissime
461 4419 683 4484 meruisso.·Quod
701 4423 794 4471 coufir-
884 4422 909 4485 t)
924 4420 944 4479 l,
960 4424 986 4482 2,
1005 4439 1032 4489 q.
1046 4425 1090 4484 67,
1103 4431 1152 4473 art.
1167 4422 1226 4473 llud
1239 4427 1266 4473 3.

180 4492 235 4532 mat
251 4486 405 4536 auctoritate
429 4503 453 4536 s.
471 4486 585 4538 Thomna
602 4487 720 4548 diceritis,
741 4505 793 4539 nie·
882 4490 908 4551 Ξ)
922 4487 984 4554 Cup.
1001 4495 1027 4550 7,
1038 4495 1100 4540 nde.

182 4551 266 4600 ruisse
291 4551 421 4604 Christum
443 4569 490 4619 per
518 4557 669 4616 caritatem,
694 4571 745 4606 nun
765 4558 790 4606 in
868 4555 1122 4620 (dlssup.d,u‚2ll·
1424 4609 1429 4614 .

180 4628 308 4682 quantum
318 4629 373 4670 crat
387 4622 480 4670 raritas
497 4622 729 4688 routperlwnsoria,
746 4623 790 4673 scd
868 4621 907 4686 (b)
919 4624 1062 4675 Cornrrrcnl.
1078 4624 1105 4675 in
1117 4620 1209 4674 Marah.
1220 4620 1267 4673 tib.
1278 4627 1306 4688 2,
1325 4638 1383 4690 cap.
1394 4625 1437 4686 tt,

180 4685 206 4734 iu
227 4695 355 4753 quantum
372 4696 428 4739 crat
445 4688 559 4740 vintoris.
584 4689 668 4756 ipsum
688 4691 723 4740 cf.
752 4689 788 4741 ibi
833 4704 859 4738 r.
875 4694 916 4739 lt.
