3700 5659
398 581 461 648 286
880 593 920 638 oa
938 591 1081 638 camara

356 692 487 758 externis
505 697 568 754 toro
590 689 623 750 in
651 689 766 750 honora
797 693 850 748 aot
880 685 963 746 lama
1002 685 1115 747 molum
1130 689 1406 766 temporoteolroui,
1425 696 1452 750 et
1466 705 1605 770 paudere,

357 778 486 858 aliisque
507 772 670 847 eiusmodi,
692 779 794 852 utpote
827 767 963 830 iustitiae
1002 769 1215 850 sicontinqot,
1243 790 1306 833 uon
1334 773 1370 834 io
1397 783 1547 850 quantum
1571 785 1606 836 est

358 869 603 930 consentaneam,
622 856 648 918 si
663 864 776 931 tamen,
790 853 844 933 qui
861 851 965 913 intulit
1003 853 1117 914 molum
1135 855 1228 931 illios,
1247 856 1297 916 sed
1321 856 1355 917 in
1387 865 1539 933 quonium
1572 869 1608 920 est

357 945 513 1020 iniuriam,
538 939 700 1016 satisfecit,
724 936 824 1019 quoad
853 934 962 1017 potuit,
1004 936 1246 1015 impedimentum
1282 941 1430 1000 donorom
1468 940 1606 1019 odarius,

317 1079 320 1087 .
358 1029 493 1092 delectus
510 1033 590 1088 osset
613 1023 746 1086 caritatis
776 1021 851 1082 velle
878 1018 964 1080 illum
1005 1022 1165 1098 quempian
1180 1024 1452 1102 terretordiliqere‚
1474 1025 1523 1084 vet
1536 1042 1608 1084 oona-

359 1129 468 1189 urgero
481 1109 519 1172 ad
531 1108 574 1184 id,
586 1106 668 1187 quod
683 1124 743 1166 nou
756 1111 866 1186 potest.
879 1100 967 1163 Sum·
1007 1105 1168 1166 mortitotio
1184 1106 1230 1166 cel
1246 1105 1396 1178 ecclesiam
1417 1107 1566 1168 similiter
1581 1111 1610 1168 de

361 1213 484 1276 mopere
504 1193 535 1255 in
555 1191 602 1252 his
629 1189 819 1262 cavendum,
845 1205 883 1247 ne
905 1185 965 1246 mi·
1006 1188 1340 1268 malotemporolieiuo,
1355 1192 1610 1269 sanandumque

360 1288 479 1342 sceotur
499 1276 614 1352 odium,
632 1283 663 1336 et
681 1292 719 1334 ue
744 1271 871 1334 nimium
899 1287 968 1349 pro·
1005 1289 1058 1350 per
1074 1272 1188 1333 molum
1202 1289 1315 1350 poenae
1347 1273 1521 1352 impeditur
1558 1276 1612 1352 [re

360 1363 460 1426 sunus
478 1366 645 1442 prematur,
670 1357 712 1419 ita
729 1365 762 1417 ut
783 1373 852 1416 oum
882 1360 968 1414 nota-
1006 1363 1130 1432 quanter
1153 1357 1265 1417 molam
1280 1357 1383 1435 culpae
1399 1357 1477 1417 eicos
1501 1357 1541 1417 Et
1567 1375 1611 1417 re-

363 1447 418 1508 bili
436 1445 615 1506 detrimento
635 1459 690 1502 suo
709 1445 833 1516 cogatur
845 1436 892 1497 vel
908 1436 967 1496 mi·
1007 1456 1076 1499 uera
1094 1457 1155 1499 non
1174 1439 1282 1500 desunt
1302 1439 1334 1499 in
1349 1438 1522 1519 Scripturis
1548 1459 1613 1500 saa-

363 1531 445 1591 nimo
457 1528 566 1590 damno
579 1522 821 1601 satisfacere(l).
839 1520 871 1580 ir
882 1517 969 1590 Quod
1008 1523 1065 1583 otis
1083 1522 1174 1583 huius
1192 1522 1299 1601 agendi
1317 1523 1448 1584 rationis
1465 1526 1612 1603 exempla,

362 1615 437 1674 vend
452 1612 559 1673 attinet
580 1608 618 1670 ad
634 1616 757 1668 externa
779 1605 864 1680 signa
889 1603 967 1664 ami·
1010 1613 1042 1666 ut
1055 1625 1124 1666 cum
1145 1605 1303 1667 Psalmista
1314 1607 1447 1667 dicebat:
1466 1607 1615 1686 imples·

364 1696 465 1771 citiae,
479 1711 533 1773 per
549 1709 579 1754 se
605 1710 665 1752 nou
687 1699 825 1752 tenemur
850 1687 909 1748 nisi
932 1686 970 1748 ad
1009 1691 1066 1752 cies
1093 1707 1198 1751 eorum
1214 1691 1397 1769 ignominam
1417 1698 1451 1752 et
1472 1699 1615 1769 quaerent

297 1781 307 1798 ⁶
366 1798 402 1841 aa
414 1778 525 1858 quibus
539 1787 676 1837 tenemur
687 1792 758 1852 arga
776 1772 852 1834 alios
865 1787 970 1832 omnes
1009 1789 1116 1834 minen
1137 1781 1235 1847 tuum,
1254 1775 1382 1836 Domine
1400 1773 1466 1852 (5),
1488 1783 1523 1836 et
1550 1774 1615 1835 alibi

366 1859 640 1935 indiscriminatim,
653 1877 712 1919 non
728 1865 829 1919 autem
847 1855 885 1916 ad
899 1871 970 1935 spe·
1010 1876 1111 1938 saepe.
1135 1855 1245 1937 Utique
1263 1857 1431 1918 theoretice
1455 1875 1509 1918 res
1532 1858 1574 1920 ita
1588 1877 1615 1918 se

367 1947 469 2022 cialia,
484 1963 552 2006 cum
570 1944 652 2004 nulla
666 1941 742 2004 ratio
759 1949 844 2016 cogat
858 1937 897 2000 ad
911 1943 973 1998 ma·
1010 1940 1122 2017 liabet3
1146 1941 1200 2002 sed
1236 1941 1400 2002 cavendum
1427 1943 1565 2002 solerter
1590 1942 1616 2001 in

367 2030 413 2107 gis
432 2027 614 2106 diligendum
641 2025 798 2087 inimicum
824 2041 895 2104 prae
919 2039 971 2083 ce·
1013 2024 1106 2104 praxi,
1121 2019 1162 2099 ne
1192 2025 1248 2086 sub
1278 2025 1402 2086 obtentu
1423 2024 1499 2084 odio
1517 2044 1617 2105 prose-

369 2114 442 2176 teris
454 2112 515 2192 (ἑ).
541 2110 617 2171 Dixi:
635 2111 696 2172 Per
711 2128 753 2185 oe,
771 2107 843 2187 quio
855 2123 909 2187 per
924 2123 973 2166 ac·
1012 2107 1125 2187 quendi
1155 2108 1294 2169 inimicos
1319 2108 1392 2181 Dei,
1414 2107 1489 2169 odio
1522 2128 1619 2188 prose-

369 2197 474 2258 cldens
493 2194 558 2256 lieri
574 2201 672 2274 potest
694 2203 729 2254 ut
746 2191 843 2253 maior
860 2189 975 2264 obliga·
1014 2209 1144 2270 quamur
1164 2191 1304 2252 inimicos
1323 2199 1458 2268 nostros,
1490 2211 1562 2253 cum
1581 2193 1619 2253 la·

370 2280 412 2342 tio
432 2279 547 2341 oriatur
564 2277 601 2338 ad
618 2275 771 2338 vitandum
785 2273 972 2348 scandalum,
1015 2275 1072 2335 cile
1091 2275 1218 2349 gliscere
1239 2275 1270 2336 in
1292 2274 1340 2336 lais
1364 2274 1465 2356 possit
1483 2276 1619 2356 propriae

370 2365 416 2424 uel
429 2363 490 2424 odii
502 2361 749 2436 significationem
761 2358 822 2436 (3);
840 2373 976 2438 praeser-
1016 2358 1140 2419 ultionis
1155 2358 1349 2420 desiderium.
1381 2359 1413 2418 ¹1⁰
1428 2357 1571 2420 Tandem
1589 2380 1619 2420 a-

372 2447 426 2508 tim
446 2447 472 2506 si
486 2444 628 2504 inimicus
644 2443 726 2522 prius
745 2442 865 2517 salutet,
885 2440 912 2500 ei
925 2439 976 2499 de·
1016 2442 1290 2504 nimadoertendum
1300 2450 1357 2517 est,
1370 2459 1427 2502 nos
1440 2443 1546 2503 teneri
1562 2445 1619 2522 qui·

373 2527 476 2604 negari
494 2545 553 2586 non
566 2535 663 2606 potest
673 2524 860 2594 resalumtio.
879 2524 910 2583 5⁰
921 2521 977 2582 Ne·
1017 2525 1084 2586 dem
1100 2525 1224 2601 diligere
1241 2526 1410 2602 inimicum,
1432 2527 1492 2586 sed
1512 2545 1574 2586 non
1591 2534 1620 2588 ot

375 2631 423 2672 mo
434 2611 549 2689 absque
560 2608 656 2694 granis
665 2607 778 2688 peccati
794 2607 860 2668 labe
872 2625 979 2686 quem·
1018 2609 1190 2682 inimicorum
1207 2610 1264 2670 lroc
1281 2610 1360 2671 enim
1374 2610 1454 2669 soret
1467 2618 1620 2690 peccatum

376 2695 455 2776 piam
480 2701 609 2774 potesta
624 2690 836 2754 communibus
862 2690 977 2751 oratio·
1018 2692 1115 2771 ipsum
1135 2693 1270 2770 diligere;
1288 2693 1418 2772 ideoque
1436 2692 1622 2770 distinguere

331 2823 334 2832 a
374 2779 465 2840 nibus
490 2796 525 2838 ao
555 2775 709 2838 beneficiis
740 2773 897 2836 cicindere
926 2782 979 2834 aut
1018 2775 1163 2836 debemus
1182 2794 1341 2857 personam
1364 2796 1381 2837 a
1401 2779 1622 2856 peccatozilla

377 2861 547 2938 desideriis,
564 2860 684 2922 auxiliis
698 2867 751 2921 aut
769 2859 862 2936 signis
882 2857 978 2918 bene·
1019 2858 1189 2936 diligenda,
1211 2860 1267 2920 hoc
1286 2860 1354 2920 odio
1373 2861 1622 2939 prosequendum

375 2945 536 3021 volentiam
558 2944 706 3025 siquidem
727 2943 880 3004 moraliter
894 2941 978 3001 eius·
1019 2951 1075 3015 est;
1096 2943 1231 3022 alioquin
1258 2937 1432 3023 perversum
1452 2957 1542 3015 esset
1558 2958 1627 3034 ‚eta

376 3029 458 3090 modi
478 3029 612 3109 exceptio
630 3034 838 3105 argumentum
858 3023 981 3087 exhibe·
1019 3027 1143 3088 caritate
1162 3027 1378 3111 alienum(li).)

376 3121 424 3172 ret
442 3112 605 3172 simultatis
621 3119 651 3172 et
668 3109 747 3185 odii,
768 3111 923 3188 aliumque
942 3107 979 3168 ad

377 3194 480 3256 odium
508 3195 671 3268 excitaret,
704 3201 823 3273 pareret
851 3191 979 3253 scauda—
1128 3269 1132 3273 q
1448 3258 1454 3270 ι

380 3278 443 3338 lum
464 3295 499 3337 ac
517 3276 713 3352 divisionem,
734 3293 789 3336 nec
815 3275 880 3335 sine
898 3274 980 3352 gravi
1062 3274 1143 3339 aaa?
1169 3276 1194 3338 1.
1221 3275 1289 3338 Obi.
1313 3276 1465 3338 Adversus
1484 3279 1626 3359 'primam
1682 3346 1683 3355 χ

377 3360 489 3421 iniuria
509 3359 539 3420 id
563 3359 717 3437 lieret(l).
735 3361 766 3419 6⁰
785 3357 893 3419 Malum
907 3366 980 3417 tem·
1021 3370 1147 3441 partem.
1169 3362 1200 3420 l⁰
1215 3360 1256 3422 Es
1275 3361 1340 3436 lege
1358 3362 1493 3421 naturali
1519 3383 1626 3443 proue-

377 3444 482 3523 porale
497 3443 627 3523 cuipiam
648 3441 744 3522 optari
765 3459 864 3522 posse,
881 3448 914 3501 ut
928 3458 979 3501 re·
1021 3445 1086 3504 nire
1101 3444 1217 3524 nequit,
1238 3443 1319 3523 quod
1333 3444 1361 3505 ei
1382 3446 1569 3506 naturaliter
1581 3446 1628 3508 ad·

377 3527 511 3606 sipisoat‚
526 3536 556 3588 et
569 3525 607 3587 ad
625 3527 734 3587 bonam
755 3526 869 3602 frugem
886 3543 919 3586 se
935 3542 981 3585 re·
1020 3537 1167 3603 uersatum
1185 3527 1268 3606 atqui
1289 3526 1356 3588 talis
1376 3537 1423 3588 est
1441 3527 1563 3590 inimici
1584 3529 1627 3589 di·

380 3611 482 3691 cipiet,
504 3619 566 3671 tum
585 3629 623 3670 ne
642 3609 710 3671 allis
729 3618 847 3685 noceat,
868 3608 980 3669 admit·
1021 3612 1128 3687 lectio;
1149 3611 1182 3670 2⁰
1199 3609 1279 3690 qnod
1308 3609 1433 3690 insuper
1453 3612 1525 3672 eius
1553 3613 1628 3673 vires

379 3702 447 3754 tunt
467 3693 611 3770 theologi.
646 3691 723 3754 Sane
746 3712 771 3754 s.
792 3692 923 3754 Thomas
949 3691 980 3751 in
1021 3703 1154 3774 superat,
1176 3713 1244 3755 cum
1264 3702 1395 3772 nequeat
1423 3695 1491 3754 sola
1520 3705 1628 3757 natura

378 3778 398 3838 3
417 3787 495 3838 sent.
516 3777 546 3837 d.
566 3778 617 3854 33,
642 3785 699 3838 art.
722 3778 752 3853 l,
770 3776 806 3837 ad
822 3777 853 3836 ii:
868 3777 978 3851 Potest,
1021 3778 1086 3838 sine
1108 3777 1222 3854 gratiae
1239 3777 1352 3838 auxilio
1367 3775 1528 3837 eiusmodi·
1543 3798 1627 3840 aver·

378 3861 489 3942 inquit,
509 3861 620 3942 aliquis
636 3861 719 3922 sulam
736 3861 863 3923 raritate
880 3866 982 3938 optare
1021 3861 1138 3922 sionem
1155 3861 1287 3922 vincere.
1317 3859 1348 3922 3ο
1363 3861 1461 3940 Atque
1493 3862 1569 3924 hinc
1587 3869 1631 3924 est

1096 3227 1103 3240 ι
1204 3171 1449 3227 nimenta-resa„

413 4043 451 4108 (t)
469 4041 510 4093 Ci.
524 4045 630 4104 Suanos,
644 4041 713 4109 disp.
733 4047 760 4104 ii,
773 4050 835 4093 scot.
855 4045 882 4104 5,
895 4057 923 4092 n.
938 4045 981 4093 to.
1022 4057 1050 4092 re
1067 4049 1126 4092 actu
1140 4041 1244 4093 interno
1260 4049 1285 4092 et
1303 4041 1413 4093 formali.
1428 4065 1440 4088 ι
1458 4047 1485 4092 tt
1502 4059 1510 4092 a
1527 4065 1539 4088 ι
1555 4043 1630 4094 l'rso·

412 4109 452 4175 (9)
474 4109 514 4158 Cl.
544 4109 620 4160 Card.
643 4109 731 4172 Gotti,
754 4109 791 4162 De
809 4115 881 4161 corii.
908 4125 936 4176 q.
956 4113 982 4169 l,
1022 4108 1559 4175 ceptoproximurndiligendisetislacorc
1573 4128 1630 4177 pos·

380 4173 446 4226 dub.
461 4179 488 4232 li,
509 4174 525 4242 S
538 4181 564 4235 5,
582 4191 608 4225 n.
624 4180 667 4226 50.
1021 4193 1110 4240 sunaus
1122 4193 1169 4242 per
1185 4178 1252 4228 solos
1268 4187 1340 4228 actus
1350 4187 1479 4228 externos.
1491 4201 1504 4224 ι
1522 4183 1567 4229 td:
1582 4200 1594 4224 ι
1604 4178 1629 4229 Si

415 4243 454 4306 (a)
474 4241 510 4291 lta
531 4239 661 4292 athon:
680 4241 714 4304 ll,
738 4247 765 4305 2,
782 4259 810 4310 q.
827 4247 884 4307 25,
903 4246 983 4294 art.8
1023 4261 1081 4294 cum
1111 4243 1197 4294 debita
1225 4243 1398 4296 moderatione
1426 4245 1527 4307 iacias,
1559 4255 1628 4312 potos

380 4317 405 4360 et
424 4313 452 4360 9.
1023 4311 1120 4377 absquo
1136 4317 1245 4378 peccato
1262 4312 1363 4362 mortali
1385 4311 1417 4361 de
1441 4313 1494 4362 vita
1519 4313 1630 4364 alicuius

414 4375 452 4442 (ts)
470 4373 510 4425 ct.
526 4376 632 4433 Sineres,
644 4371 695 4423 loo.
714 4373 760 4424 cit.
774 4389 802 4425 n.
821 4379 848 4426 ’1.
880 4414 883 4420 .
1024 4379 1131 4441 tristari,
1152 4388 1178 4429 et
1195 4376 1227 4429 da
1245 4379 1316 4428 illius
1336 4387 1416 4429 morte
1435 4380 1551 4430 naturali
1569 4396 1630 4447 gau.-

413 4444 452 4508 (a)
471 4443 514 4492 Pa.
528 4438 656 4502 lxtttltt,
670 4443 712 4490 tt.
1023 4445 1103 4506 dero,
1128 4446 1198 4496 illam
1217 4445 1340 4496 inefficaci
1369 4446 1461 4500 suecia
1480 4456 1588 4512 petere,
1604 4453 1629 4496 ct

414 4515 452 4576 (6)
465 4508 506 4560 Ci.
526 4524 547 4558 s.
561 4508 653 4558 Thnm.
669 4508 718 4558 loc.
731 4507 776 4558 cit.
788 4523 816 4574 q.
828 4510 872 4568 iti,
890 4515 940 4560 art,
956 4511 982 4559 8.
1024 4511 1189 4574 desiderare,
1213 4529 1265 4563 non
1287 4513 1391 4580 quidem
1416 4529 1447 4562 ox
1464 4511 1628 4580 displicentia

380 4575 429 4628 Hic
446 4584 507 4626 sunt
530 4576 658 4626 canendae
676 4583 727 4626 tres
748 4575 934 4641 propositiones
953 4575 985 4625 alr
1025 4596 1157 4646 porsouso,
1174 4580 1218 4630 sad
1237 4579 1270 4629 ob
1287 4580 1390 4648 aliquod
1408 4584 1550 4649 temporale
1562 4598 1630 4636 euro·

381 4645 472 4694 lussoc.
485 4641 519 4694 xl
540 4641 685 4705 damnatae,
705 4659 771 4710 quae
792 4641 919 4693 habentur
937 4643 985 4694 sub
1024 4648 1205 4699 lomentum.»
1224 4646 1253 4698 ln
1270 4665 1334 4715 quas
1351 4648 1386 4699 cl.
1400 4647 1475 4702 lusu.

381 4725 409 4761 n.
424 4713 472 4760 tos
494 4709 575 4761 ιΝοιι
594 4719 711 4762 tenemur
728 4711 875 4782 prpximmn
894 4711 985 4779 dilige·
