3700 5659
812 565 908 614 canor
935 567 967 611 ιι.
1435 555 1486 621 lu·

258 658 867 730 eulonrmldemmotivurnseoobiectum
910 677 1000 740 porro
1030 679 1091 721 non
1122 659 1264 723 omnibns
1296 663 1430 744 prolecto
1460 683 1515 728 nec

260 751 391 814 fortnale
411 747 501 809 babet
518 765 552 807 ac
578 744 651 807 itdes
675 743 867 820 theologica,
910 760 1030 824 semper
1051 745 1222 806 communis
1244 755 1301 807 est.

262 852 375 914 nempe
395 831 448 893 Dei
467 831 640 892 fidelitatem
660 827 691 888 in
716 826 869 889 servandis
947 825 1101 889 aalide
1115 831 1152 891 D.
1167 828 1283 891 Donum
1297 831 1515 897 miraculorum

263 915 473 1000 promissisab
493 933 529 975 eo
552 912 637 996 lactis
656 912 692 973 de
707 910 869 973 obtinendo
910 909 940 971 in
957 920 1127 973 nostranon
1143 922 1355 994 estpotestate,
1374 918 1408 980 C.
1428 917 1515 984 Fides

264 999 416 1082 quidquid
437 999 468 1060 in
485 997 594 1059 iibristi
616 995 737 1057 nomine
765 995 803 1057 ab
834 1013 869 1056 eo
911 993 1137 1072 miraculorum,
1150 997 1187 1058 N.
1198 995 1256 1059 Nec
1271 999 1350 1060 euim
1368 999 1427 1061 dato
1441 1001 1516 1065 baec

263 1085 457 1167 petierimus.
481 1081 554 1144 Cum
589 1089 688 1142 autem
720 1079 869 1142 eiusmodi
910 1078 989 1139 inter
1006 1098 1038 1140 se
1057 1080 1230 1161 permisceri
1249 1081 1370 1157 debent3
1389 1103 1455 1145 nam
1472 1087 1515 1148 al·

263 1168 415 1251 promissa
434 1167 573 1228 absoluta
592 1184 651 1226 non
679 1163 761 1241 sint,
782 1163 871 1225 seda
912 1171 1007 1223 terum
1027 1173 1072 1225 est
1093 1164 1202 1225 donum
1226 1167 1406 1244 gratuitum,
1432 1171 1514 1249 quod

263 1251 492 1314 conditionibus
507 1249 665 1331 pendeant:
679 1245 709 1309 Si
720 1247 868 1328 expediat,
911 1245 1147 1309 Deusinterdum
1160 1249 1311 1329 aliquibus
1328 1252 1439 1314 sanctis
1449 1253 1513 1315 suis

265 1337 292 1398 si
310 1337 367 1397 rite
386 1335 574 1418 petierimus,
591 1333 720 1412 aliisque
739 1334 871 1394 eiusmo·
910 1331 1046 1408 largitur,
1066 1334 1192 1394 alterum
1208 1352 1277 1394 vero
1294 1353 1352 1394 non
1370 1335 1452 1407 item:
1466 1345 1513 1399 ast

267 1421 311 1497 di,
331 1421 372 1480 nil
393 1419 517 1495 mirum,
536 1419 562 1478 si
592 1436 627 1478 ex
657 1425 741 1498 parte
768 1426 870 1478 trustra
910 1433 979 1498 vero
1007 1417 1173 1496 praemisso
1206 1417 1255 1498 pio
1285 1419 1392 1480 allecto
1423 1419 1510 1482 iidem

261 1504 344 1565 batrd
365 1522 484 1584 serrrper
508 1503 560 1564 illa
592 1501 739 1563 habeatur
762 1500 870 1561 fiducia
911 1500 1105 1561 constituitin
1128 1509 1228 1562 nostra
1241 1509 1398 1582 potestate,
1415 1513 1448 1565 nt
1462 1524 1509 1566 ex·

263 1588 302 1649 de
322 1589 430 1648 oliectu
452 1585 636 1658 obtinendo,
667 1603 721 1646 nec
745 1583 870 1665 proinde
911 1581 982 1644 inde
1002 1585 1142 1646 meritum
1164 1585 1295 1666 quisque
1314 1586 1423 1654 babeat
1441 1608 1511 1670 pro-

249 1673 390 1733 ellectns
422 1679 586 1752 sequatur,
620 1687 710 1750 quem
738 1668 870 1730 intendi·
911 1669 994 1748 priae
1018 1667 1085 1729 lidei
1105 1670 1374 1748 aotdemeritnm,
1398 1690 1451 1752 pro
1474 1693 1512 1735 u-

266 1775 336 1816 mus
346 1755 408 1834 (l).
912 1753 1129 1832 uiuscuiusqne
1143 1753 1285 1815 fidelitate
1303 1765 1356 1815 aut
1370 1756 1511 1817 incredu-

307 1840 362 1900 28.
381 1839 424 1900 Ad
438 1838 471 1898 2⁰
490 1841 526 1900 D.
545 1836 634 1899 Fides
654 1835 868 1898 miraculorum
910 1836 1006 1898 litate.
1028 1837 1164 1898 Ceterum
1182 1837 1207 1898 si
1222 1837 1329 1900 Petrus
1344 1859 1379 1900 ac
1404 1841 1513 1921 reliqui

263 1941 326 1983 non
347 1932 394 1984 est
413 1923 555 1984 omnibns
578 1922 747 1982 communis
771 1920 869 2001 quoad
911 1918 1043 2007 bpostoli
1061 1923 1237 1999 timuerunt,
1258 1933 1348 2003 atquc
1362 1943 1379 1985 a
1394 1915 1513 1986 Clrristo

263 2007 464 2068 accidentalia
485 2015 515 2067 et
542 2006 573 2067 in
600 2005 869 2086 casibnsparticu-
911 2003 1037 2065 llomino
1057 2006 1185 2086 correpti
1212 2016 1301 2077 suut,
1323 2025 1382 2066 non
1416 2007 1444 2066 id
1478 2027 1514 2070 ex

264 2090 397 2166 laribus,
417 2092 471 2167 C.;
493 2091 522 2150 in
552 2109 585 2151 se
611 2099 640 2151 et
670 2089 768 2170 quoad
794 2089 868 2149 sub·
910 2088 979 2148 unet
998 2089 1115 2149 delectu
1137 2090 1166 2148 in
1185 2108 1217 2150 se
1238 2089 1374 2168 commit,
1395 2089 1447 2150 sed
1477 2110 1512 2153 ex

264 2175 475 2249 standalmut.
492 2173 597 2246 Quoad
620 2171 817 2238 substantiam
834 2191 868 2233 e·
910 2169 1027 2234 delectu
1056 2173 1232 2234 accidentali
1264 2173 1405 2234 brutioris
1434 2173 1513 2237 bdu-

262 2259 326 2320 nim
353 2257 446 2320 habet
467 2277 520 2340 pro
536 2258 654 2320 obiecto
678 2258 869 2337 omnipoten-
909 2256 986 2334 ciue,
1004 2275 1093 2339 quarn
1111 2257 1296 2340 praeseferre
1321 2258 1509 2321 debuissent.

262 2344 337 2403 tiam
359 2343 775 2422 dirirmm‚atquebucsensu
797 2341 870 2402 baec

263 2427 340 2488 fides
367 2427 510 2488 omnibns
545 2427 645 2488 inesse
674 2426 786 2502 debet3
825 2434 870 2486 ast
1096 2443 1272 2489 rnoeosrrto
1290 2443 1323 2489 ιι.

264 2510 366 2590 qUORd
386 2511 599 2587 accidentalia,
621 2509 759 2570 fiduciam
784 2509 868 2569 Sssffi·
909 2530 1033 2584 Obirclum
1047 2534 1515 2598 materiolrfidrt'tlteolnqr'eoeaduolu-

263 2604 323 2670 εει,
344 2615 379 2656 ac
400 2604 573 2676 praesentes
592 2594 718 2655 subieci}
737 2593 869 2654 circum·
945 2606 993 2649 lem
1011 2608 1216 2650 decemoctorum
1228 2605 1349 2663 inliducr'u
1369 2609 1414 2652 uul
1427 2608 1514 2656 nolitia

262 2679 391 2740 spanqjag
412 2680 454 2740 mi
489 2679 546 2740 loci
581 2678 742 2760 [emporis’
764 2696 870 2738 conve,
944 2669 1406 2750 eperirtmmt'rrricoptlioeconrisltl,
1428 2677 1468 2720 ced
1490 2677 1516 2724 ιιι

264 2764 409 2840 mennae,
433 2727 558 2824 m'aioris’
570 2763 730 2824 minorisve
743 2762 869 2822 firmini-
943 2740 1127 2797 praeconsumere
1140 2741 1283 2788 r’rrrlotrbuc
1294 2755 1309 2788 ιι
1329 2741 1379 2789 Deo
1392 2742 1513 2792 recelolic,

266 2846 305 2906 tis
328 2848 358 2906 in
377 2867 426 2923 eo,
448 2848 500 2928 qni
520 2848 697 2909 miraculum
715 2846 868 2922 elllagitat,
954 2847 1005 2907 30.
1027 2845 1097 2908 Post
1119 2865 1166 2923 ea,
1198 2867 1275 2928 quae
1306 2847 1342 2909 de
1367 2849 1516 2911 materiali

273 2947 309 2989 ea
329 2930 451 2992 deucere
471 2943 570 3012 potest
594 2929 869 3012 absqnelrdeide-
911 2929 979 2990 utet
1013 2931 1131 2993 obiecto
1164 2931 1328 3008 generatim
1361 2933 1514 3010 disserui,

275 3013 421 3076 trimento.
440 3015 599 3098 Atquebic
615 3015 713 3076 obiter
731 3015 868 3091 observo,
911 3013 1031 3074 adoriar
1065 3015 1153 3076 modo
1189 3015 1301 3077 directe
1339 3024 1514 3079 novatorum

269 3098 352 3175 quud
374 3100 435 3172 itte,
457 3101 509 3181 qui
532 3100 709 3161 miraculum
731 3097 868 3176 obtinet,
913 3109 1115 3160 commentum
1130 3100 1167 3162 de
1186 3099 1326 3181 specialis
1346 3100 1515 3162 misericor-

265 3199 299 3241 ex
320 3184 452 3262 quodam
479 3183 616 3245 interiori
649 3183 818 3257 instinctu,
840 3192 871 3244 ut
913 3181 981 3244 diac
997 3184 1153 3245 bduciaad
1168 3187 1294 3246 salutem
1309 3184 1514 3263 obtinendam,

262 3267 430 3345 plurimum
462 3268 521 3329 iarn
558 3268 668 3329 habeat
700 3267 871 3347 sentiatque
913 3269 1140 3349 complerique
1170 3278 1391 3351 protestantes,
1411 3269 1515 3330 ortho-

261 3350 407 3412 ssdueiam
422 3353 571 3434 quandam
583 3352 785 3414 brutissimum
797 3351 871 3412 illud
914 3351 980 3412 doni
993 3353 1098 3414 saltem
1116 3353 1291 3435 nuncupati,
1307 3353 1403 3415 eidem
1420 3353 1517 3414 adbuc

264 3433 444 3514 obtinendi,
476 3446 565 3517 prout
586 3435 731 3514 contingit
752 3435 871 3516 quoties
914 3436 1073 3498 insistant:
1108 3437 1205 3514 agitur
1226 3438 1306 3498 eninr
1334 3438 1370 3498 de
1389 3438 1516 3500 articulo

262 3513 348 3580 Deus
366 3521 430 3581 vutt
446 3522 576 3600 aliquem
598 3539 632 3581 cn
651 3521 744 3581 serris
757 3520 872 3580 suiset·
913 3520 999 3581 valde
1015 3522 1186 3596 commodo,
1201 3541 1261 3602 quo
1273 3541 1306 3583 se
1321 3521 1360 3583 ab
1375 3521 1517 3582 omnibns

260 3600 326 3663 iam
347 3603 379 3664 in
405 3605 494 3666 terris
518 3605 686 3684 glorificare
702 3603 762 3685 (ι).
778 3603 871 3665 'llaec
913 3605 982 3665 aliis
999 3605 1233 3679 obligationibus
1245 3606 1374 3666 liberant
1385 3605 1517 3666 eiusmo-

263 3697 267 3704 ’
913 3687 943 3748 di
959 3687 1096 3748 lromincs
1113 3689 1174 3768 (3).

294 3769 335 3836 (ι)
354 3768 486 3821 Eioemodi
503 3769 680 3821 conditionum
700 3767 803 3820 ‹lolectu
824 3769 870 3831 lit,
956 3773 1008 3833 31,
1031 3770 1276 3849 {amperoideae’
1306 3789 1396 3853 quam
1428 3769 1517 3833 nobis

258 3845 291 3912 nt
309 3838 454 3919 anquando
476 3855 564 3907 preces
593 3847 773 3916 nostrumnon
794 3855 872 3888 eron·
913 3855 1038 3918 devera
1062 3857 1120 3917 fide
1151 3856 1271 3921 ephiba
1302 3856 1463 3936 Aposqoqus
1485 3855 1516 3916 jn

259 3905 388 3967 dmntur,
407 3916 455 3958 elsa
485 3925 514 3958 en
533 3907 583 3958 lide
602 3907 743 3964 tbeoloqrcn
764 3922 870 3972 progre-

257 3973 381 4036 diantur,
405 3977 566 4041 quintarnen
587 3973 754 4040 imbuuntpro
772 3973 871 4025 obiecto
913 3973 1025 4022 voluisse
1053 3973 1120 4024 servi
1150 3975 1189 4024 sui
1218 3973 1378 4026 sanctitatem
1396 3970 1518 4024 ottonibus

260 4043 431 4092 nriraeu'nm.
914 4036 1066 4108 patriarum.

298 4115 337 4170 ιι)
357 4111 383 4159 Si
405 4111 453 4157 rite
466 4107 660 4174 perper-dentur
672 4116 737 4170 acta,
750 4125 794 4158 seu
809 4125 870 4174 pro·
947 4111 984 4174 (5)
1004 4107 1069 4159 lline
1082 4107 1200 4175 qrtmnrie
1216 4108 1302 4159 variae
1319 4107 1516 4176 protestantium

258 4191 351 4226 eremas
370 4177 396 4228 in
415 4179 498 4228 causta
516 4177 709 4227 lreatilicetionio
726 4186 752 4226 et
763 4177 870 4226 oenotri·
911 4187 996 4227 sertae
1013 4181 1081 4227 inter
1098 4193 1126 4226 se
1143 4178 1169 4225 in
1183 4178 1312 4244 plerisque
1330 4177 1446 4227 articulis
1465 4174 1517 4224 dm·

260 4244 375 4294 zntionis
393 4259 528 4294 servornm
549 4243 613 4306 llei,
639 4244 736 4310 patebit
755 4245 871 4295 luculeu-
912 4248 1040 4306 sentiant,
1060 4245 1085 4293 iu
1104 4244 1152 4294 boc
1166 4253 1249 4296 trrrrren
1267 4243 1393 4294 muratula
1411 4242 1444 4292 de
1461 4258 1517 4292 rer-

263 4312 375 4374 tissime,
388 4311 533 4372 'inbrtnos‚
552 4313 596 4378 qui
621 4315 753 4362 saturitatem
773 4311 805 4362 ab
825 4312 871 4360 ali·
912 4313 1023 4362 titudine
1042 4311 1407 4378 qttoprmcselutiuobtinenda
1422 4325 1518 4376 proruo·

259 4395 316 4444 quo
334 4379 470 4445 ‹lt-sperato
488 4377 577 4430 metuito
594 4378 771 4442 obtirnrernnt,
790 4380 872 4430 exuli·
913 4379 962 4428 lam
982 4378 1074 4435 srdetrr.
1099 4396 1144 4430 sen
1159 4397 1204 4447 per
1220 4379 1516 4446 aqqrrelmusionemme

261 4463 336 4507 ιιιιιιι,
364 4457 392 4496 ιιι
411 4449 444 4498 itu
470 4447 571 4508 cliuum,
592 4448 712 4497 instinctu
733 4449 758 4496 iu
777 4464 803 4496 sc
823 4449 870 4497 iarn
913 4448 1020 4497 litorum
1039 4446 1154 4508 Christi,
1180 4446 1278 4498 abiecto
1304 4446 1453 4497 necessitate
1472 4443 1518 4494 Ιιο-

262 4515 423 4580 perseusisse
451 4515 579 4582 quandum
598 4515 777 4566 certitudinem
802 4515 870 4565 illum
913 4531 1005 4564 ttornm
1023 4531 1152 4580 operum,
1176 4516 1298 4564 sollicitae
1320 4531 1346 4563 re
1364 4509 1515 4561 «intendunt.

261 4581 402 4632 olatinrndi
421 4581 454 4632 ult
468 4584 674 4634 intercessionum
693 4583 762 4632 illins
779 4583 870 4641 sauri,
911 4583 979 4632 Sutia
996 4591 1034 4631 est
1053 4583 1092 4631 rel
1112 4583 1298 4632 recentissimas
1318 4579 1516 4646 protestantium
1566 4593 1569 4599 ·

259 4648 294 4698 od
315 4651 872 4716 qnerninroenndmnsecontuleruut.litt·
913 4649 1104 4700 lucrrlnntiones
1126 4651 1275 4718 inspicere,
1305 4658 1333 4699 ut
1361 4648 1471 4716 quisque
1489 4644 1517 4698 tu

261 4715 327 4768 inde
350 4719 433 4786 palam
453 4721 502 4784 tit,
531 4718 613 4770 Deum
632 4719 755 4786 peculiari
774 4720 871 4770 tutione
911 4718 1098 4786 deprehendat.

397 4799 407 4822 0
