3700 5659
760 536 871 581 ‚cneur
888 539 929 582 ru.
1377 525 1438 588 233

226 630 287 696 erit
307 629 415 692 deiude
436 627 542 691 habitu
560 627 693 691 caritatis
716 647 767 710 per
786 648 837 690 sa·
856 652 860 752 p
878 630 1027 707 nonnulli,
1049 630 1123 696 duce
1147 631 1284 712 Magistro
1313 636 1480 697 seutentia-

228 725 421 796 cpameutum
453 714 560 795 adepto
591 714 700 776 elicere
732 732 837 790 magua
878 733 945 774 rum
962 716 1029 795 (3),
1051 718 1226 796 caritatem,
1248 739 1307 799 qua
1327 721 1421 781 sancti
1439 721 1482 781 ei-

229 800 378 864 lacilitate
394 799 485 862 etiam
504 806 589 861 actus
617 797 750 862 caritatis
767 815 837 880 per·
879 798 1007 875 icimur,
1030 820 1121 862 uuum
1142 821 1207 864 esse
1225 814 1431 865 autumarent.
1449 805 1481 865 Ξ·

230 887 343 948 tectae.
880 881 1009 944 liiciturc
1044 885 1107 959 Orio
1140 896 1278 948 crcotaro
1300 889 1485 963 rationulis?

879 966 1026 1047 siquidem
1047 988 1105 1030 nou
1126 969 1275 1033 hnmanae
1297 973 1407 1050 solum,
1429 972 1481 1034 sed

441 1042 564 1100 CAPUT
583 1043 636 1101 IV·
879 1053 968 1112 etiam
995 1053 1147 1129 angelicae
1180 1064 1303 1117 naturae
1333 1057 1478 1134 congruit.

344 1179 383 1224 m,
406 1177 552 1223 cmm„
574 1177 735 1223 mmm,
881 1137 911 1196 3⁰
929 1133 1061 1198 Dicitur:
1084 1139 1205 1214 Soracte,
1226 1139 1320 1201 idest
1342 1142 1380 1202 ab
1397 1141 1479 1202 omui

881 1221 994 1302 peccati
1013 1221 1080 1282 labe
1096 1221 1206 1284 munda
1224 1232 1254 1284 et
1273 1243 1366 1303 pura:
1387 1227 1479 1303 lauto,

282 1304 356 1366 150.
372 1302 485 1366 Caritas
501 1302 676 1378 habitualis,
693 1321 747 1363 seu
763 1321 841 1383 quae
881 1304 910 1364 icl
928 1305 975 1366 'est
994 1305 1125 1367 insnum
1143 1307 1230 1368 hucin
1252 1309 1381 1389 perlecte
1399 1310 1481 1370 ordi·

234 1387 345 1450 habitu
360 1387 557 1449 acvirtutead
570 1387 730 1449 amandum
747 1387 840 1450 Deum
882 1398 970 1450 nata:
993 1390 1051 1452 lieo
1065 1400 1174 1470 proto,
1202 1391 1232 1452 id
1251 1401 1296 1454 est
1314 1395 1433 1474 placens
1453 1402 1483 1456 et

236 1472 462 1556 supernaturali
483 1471 691 1533 benevolentia
706 1471 839 1548 inclinat,
881 1483 1016 1554 accepta:
1038 1474 1172 1537 Aeterad
1191 1478 1372 1540 heatitudine
1390 1479 1483 1557 dipuu

235 1575 285 1620 est
299 1557 460 1638 praecipua
477 1557 622 1637 acceptio,
655 1575 712 1636 qua
733 1557 842 1617 caritas
882 1559 1028 1637 efficium
1059 1568 1104 1620 est
1136 1560 1214 1622 enim
1246 1562 1354 1623 caritas
1377 1562 1482 1642 pignus
1518 1605 1532 1629 .

235 1643 383 1704 suuntur.
408 1640 486 1702 llaec
517 1649 583 1716 est,
611 1659 689 1721 quae
716 1641 843 1702 maxime
882 1651 996 1702 certum
1017 1643 1154 1705 coelestis
1169 1643 1371 1723 haereditatis,
1389 1664 1483 1725 eaque

239 1728 358 1789 iustitio
372 1725 537 1790 christiano
545 1727 725 1786 continetur.
737 1726 758 1786 Α
771 1743 842 1786 san·
882 1745 951 1787 cum
967 1736 1087 1788 aretenta
1100 1727 1283 1790 heatitudine
1300 1729 1403 1790 eodem
1422 1749 1486 1790 mo·

238 1821 289 1872 cto
310 1810 425 1872 Thema
437 1810 587 1871 definitur:
602 1810 743 1872 Aaricitio
759 1827 845 1888 quuo·
883 1810 920 1871 ‹lo
937 1812 1135 1889 connectitur,
1150 1822 1182 1873 ut
1197 1813 1328 1875 conditio
1346 1815 1399 1875 hlii
1415 1833 1482 1874 cum

237 1897 312 1959 dntu
330 1895 461 1958 latrocinia
484 1897 522 1956 ud
542 1895 705 1974 Decimo).
730 1893 843 1955 hutici-
884 1895 977 1975 patris
996 1896 1190 1957 haereditate.
1217 1897 1249 1958 4⁰
1267 1897 1396 1958 Dicitur:
1418 1900 1484 1960 Eu-

244 1980 285 2041 tia
305 1998 407 2060 porro,
427 1988 460 2038 ut
479 1978 558 2039 idem
578 1997 603 2040 s.
628 1977 732 2039 doctor
751 1997 844 2061 expo·
885 1997 939 2057 que
952 1980 1107 2058 spirituali
1117 1981 1283 2042 dilectionis
1295 1983 1410 2043 tu'acuto
1428 1983 1484 2042 lieo

241 2063 304 2138 nit,
336 2072 382 2125 est
411 2062 556 2143 quaedam
584 2073 689 2124 utactuo
720 2064 842 2124 amotio.
884 2065 1266 2144 rouircupitnrutomirus,
1287 2065 1483 2140 etc.,adin-

241 2147 314 2210 llam
332 2166 385 2229 per
402 2147 563 2208 amicitiam
580 2147 734 2208 amicusht
748 2147 845 2208 amico
886 2149 987 2208 timam
1009 2148 1119 2208 amoris
1135 2149 1375 2210 coniunctionem
1395 2149 1487 2226 sigui·

242 2233 375 2310 amicus,
402 2249 497 2312 eaque
516 2231 546 2291 in
569 2231 670 2312 aliqua
698 2231 844 2292 honorum
886 2233 1042 2306 hcaudam,
1063 2231 1128 2292 sine
1147 2234 1329 2312 quacaritas
1348 2252 1484 2295 essenon

244 2315 519 2379 communicatione
537 2316 678 2376 tundatur
694 2315 755 2395 (⁶2).
887 2326 994 2396 potest.
1017 2317 1048 2378 5ο
1067 2315 1197 2377 llicitur:
1226 2318 1432 2398 disponense
1454 2337 1486 2379 c-

289 2402 361 2464 151.
390 2400 583 2463 Enucleatius
605 2409 703 2460 autem
731 2399 847 2461 desituri
887 2404 987 2463 iecoris
1004 2401 1186 2463 oolrcntutrm
1204 2403 1242 2462 od
1270 2412 1352 2464 octus
1374 2405 1486 2464 corilu-

245 2495 345 2568 potest
374 2485 447 2546 haec
467 2485 590 2546 caritas:
614 2483 715 2545 Virtus
739 2504 792 2565 per
816 2503 847 2546 se
888 2487 1260 2564 tisproprioseliciendos,
1282 2487 1487 2566 martiniaci

244 2571 358 2646 inlusa,
379 2588 431 2630 seu
454 2569 565 2630 donum
596 2569 846 2650 supernaturale,
888 2570 911 2630 l.
933 2570 976 2630 lo.
997 2586 1028 2647 v,
1047 2570 1088 2630 3:
1112 2573 1190 2634 Hucc
1220 2580 1262 2632 cst
1280 2574 1360 2632 etaim
1377 2572 1489 2632 coritas

242 2675 306 2736 quo
326 2663 464 2716 creatura
482 2653 639 2715 rationalis
658 2662 778 2731 sancta,
799 2653 848 2713 iu·
889 2655 960 2731 lici,
982 2663 1012 2715 ut
1037 2656 1179 2716 morrduta
1197 2656 1260 2717 ciac
1278 2657 1487 2730 crrstodimuus,

241 2751 304 2816 sta,
329 2737 388 2800 lieo
407 2747 490 2815 grata
516 2747 698 2818 aeternaque
719 2737 848 2798 heatitu-
891 2747 952 2798 turn
981 2737 1075 2817 qnia,
1108 2739 1186 2799 sicut
1214 2740 1349 2819 reliquae
1367 2739 1491 2799 uirtutes

242 2825 317 2885 dine
338 2823 425 2901 digna
438 2821 575 2896 efficitur,
595 2841 689 2902 eaque
703 2821 849 2901 spirituali
891 2821 1073 2897 theologicae
1087 2822 1248 2903 disponunt
1261 2823 1392 2883 adactus
1405 2840 1488 2898 suos,

244 2907 420 2969 dilectionis
432 2907 549 2967 uinculo
570 2905 629 2967 lleo
648 2905 849 2983 coniungitur,
890 2905 933 2966 sic
956 2914 984 2966 et
1003 2907 1112 2968 caritas
1136 2906 1213 2966 idem
1235 2915 1364 2986 praestat
1385 2924 1490 2984 respe-

245 3004 278 3052 rt
302 2992 419 3053 anricus
442 2991 632 3069 coniungitur
653 3009 720 3051 curn
740 2989 849 3067 amico,
890 2998 939 3050 ctu
953 2989 1144 3071 amorisque
1159 2989 1250 3051 Deum
1261 2998 1382 3071 propter
1392 2991 1490 3070 ipsum

244 3080 412 3158 disponens
431 3084 460 3136 ct
478 3076 597 3136 elevans
618 3075 798 3136 voluntatem
814 3073 852 3134 ad
892 3073 1054 3148 diligimus.

243 3171 333 3223 actus
352 3159 484 3222 caritatis
516 3159 652 3240 proprios
675 3157 849 3218 eliciendos.
899 3213 906 3228 ,
937 3157 1490 3239 l53.linindepronnmestcolligere,

245 3246 290 3308 Ex
310 3263 371 3325 qua
393 3243 576 3320 definitione,
601 3263 654 3304 seu
673 3241 852 3323 descriptio·
893 3261 986 3322 quare
1005 3243 1113 3304 caritas
1134 3244 1212 3323 apud
1227 3262 1329 3304 sacros
1349 3252 1377 3302 et
1395 3242 1492 3302 eccle-

246 3349 286 3391 ne
320 3329 530 3404 intelligimuS‚
563 3347 711 3408 quaenam
731 3327 853 3388 siteius
893 3327 1030 3388 siasticus
1047 3328 1208 3409 scriptores
1238 3329 1406 3389 modorito
1428 3325 1501 3386 oiri--

246 3423 375 3490 natura,
405 3433 482 3494 quae
511 3412 576 3474 eius
606 3411 802 3493 proprietates
825 3419 854 3472 et
893 3429 974 3481 rnoe,
1011 3412 1100 3472 modo
1117 3413 1273 3491 spirituale
1299 3411 1493 3490 centuplum,

247 3502 388 3560 ell'ectus.
896 3495 983 3556 ruodo
1010 3497 1128 3557 divinoe
1156 3505 1284 3557 rrcrtnrue
1316 3494 1495 3556 consortium

294 3581 585 3643 tihalchdicitur:
603 3580 853 3660 Virtusperseia·
895 3579 1004 3658 passim
1033 3580 1210 3660 appelletur.
1245 3577 1336 3638 Recte
1365 3593 1497 3655 numque

246 3669 322 3748 [risu
336 3668 510 3729 seudonuln
524 3665 766 3744 supernaturale,
791 3671 851 3724 tum
895 3662 1005 3722 dicitur
1018 3662 1077 3725 uita
1096 3662 1229 3740 animae,
1251 3681 1311 3742 quo
1335 3679 1424 3722 sensu
1443 3679 1496 3720 eu-

248 3751 325 3831 quia
336 3751 451 3831 perlicit
466 3750 636 3826 hominem,
650 3748 729 3829 quorl
742 3749 855 3809 estvir·
894 3745 1044 3808 clamabat
1060 3748 1228 3828 apostoluS,
1253 3744 1349 3808 Galat.
1380 3762 1410 3815 n,
1433 3743 1495 3804 ⁶20:

246 3835 326 3897 tutis
342 3835 509 3915 proprium,
528 3843 589 3896 tum
603 3834 673 3914 quia
691 3832 734 3893 sic
753 3841 854 3912 utpote
900 3832 1093 3903 Vincentem,
1111 3832 1170 3893 ium
1186 3849 1244 3893 aon
1257 3848 1329 3911 epo;
1345 3830 1416 3891 trivit
1429 3845 1497 3889 atero

250 3920 365 3980 donum
379 3916 857 4000 aliquodcreatum,distinguitur
896 3917 991 3977 iatine
1020 3915 1168 3978 Christus.
1202 3913 1416 3975 litenimsicut
1447 3929 1500 3992 per

250 4003 378 4086 abipso
404 4001 517 4085 Spiritu
544 4011 669 4080 sancto,
702 4019 769 4062 cum
795 4019 855 4081 quo
897 3999 987 4061 uitam
1012 4017 1120 4080 corpus
1138 3997 1256 4062 animae
1274 3997 1431 4074 cohaeret,
1452 4004 1499 4057 at-

286 4153 326 4218 (Ι)
340 4151 372 4214 ll,
392 4157 418 4212 2,
437 4169 462 4220 q.
477 4157 520 4212 23,
539 4161 586 4202 art.
604 4157 628 4212 l,
641 4167 713 4218 corp.
896 4147 929 4198 sit
946 4148 1001 4214 ipse
1023 4147 1138 4214 Spiritus
1154 4159 1272 4211 salictum
1298 4147 1342 4198 scd
1368 4145 1435 4212 qrrod
1455 4148 1501 4194 istc

288 4223 326 4285 (ἲ)
346 4219 413 4270 lbirl.
898 4226 981 4266 urotus
993 4215 1139 4267 dilectionis
1151 4228 1188 4268 cst
1201 4234 1213 4266 a
1227 4218 1326 4282 Spiritu
1339 4225 1437 4275 salicto,
1450 4227 1501 4264 riou

288 4289 328 4354 (5)
342 4288 423 4338 Cuius
449 4285 526 4336 ucrhn
557 4285 664 4336 iulcnius
689 4285 856 4352 prulrrcuins.
901 4284 1029 4336 mediante
1047 4286 1134 4352 aliquo
1153 4286 1259 4346 habitu,
1287 4285 1354 4334 sicut
1371 4301 1384 4333 a
1402 4284 1500 4348 Spiritu

254 4355 362 4406 iruerint
382 4357 417 4404 sic
438 4355 578 4417 hugolinus
597 4353 634 4414 ll,
655 4357 679 4415 Ξ,
699 4371 725 4421 q.
745 4357 788 4414 23,
808 4361 857 4402 art.
897 4361 985 4404 salicto
1004 4361 1064 4403 suut
1082 4352 1124 4402 alii
1140 4361 1212 4404 actus
1229 4353 1364 4409 uirtutum,
1384 4350 1500 4400 rncdian·

254 4428 282 4484 ἓ,
297 4424 401 4488 capionit
416 4421 527 4487 llugisul
543 4430 663 4472 clarinti-m:
682 4421 776 4472 -l'onit
789 4417 857 4486 qnod
900 4419 968 4470 tihus
986 4419 1117 4471 hahitihus
1134 4421 1242 4470 aliarum
1261 4422 1385 4469 virtutum
1402 4452 1409 4476 ‚
1439 4425 1500 4480 puta

254 4491 351 4540 coritas
369 4507 418 4540 non
433 4499 469 4540 rst
488 4488 584 4557 aliquid
598 4499 710 4539 annulum
725 4490 749 4538 iu
763 4491 858 4550 arriana,
899 4487 1003 4539 habitus
1020 4488 1078 4539 fidoi
1102 4498 1147 4538 aut
1169 4489 1235 4555 spei,
1252 4495 1295 4536 aut
1307 4485 1417 4534 alternus
1434 4483 1502 4532 altc-

252 4555 299 4608 scrl
313 4566 351 4610 cst
370 4559 423 4624 ipsc
441 4557 551 4623 Spiritus
568 4565 671 4606 surculus
690 4565 798 4606 cucurum
817 4555 857 4604 in-
900 4555 955 4606 rius
972 4557 1085 4606 virtutis.
1106 4555 1135 4605 Et
1153 4556 1200 4606 hoc
1217 4553 1318 4605 dicebat
1335 4561 1439 4619 propter
1455 4565 1504 4600 cn-

256 4625 384 4676 lruhitaus.
404 4624 455 4675 h'cc
474 4634 566 4676 ustsnu
585 4625 707 4685 iutrutio,
726 4622 794 4690 quod
814 4623 860 4672 islo
900 4623 1045 4674 cellrntiarn
1064 4622 1185 4673 caritatis.

254 4703 341 4744 tuotns
355 4692 515 4756 dilectionis,
533 4708 584 4760 qno
605 4695 687 4742 llrurn
706 4689 859 4759 diligimus,
