3700 5659
396 487 456 550 444
880 498 918 544 44
936 497 1079 543 cannara

353 606 450 660 scunt.
467 594 530 656 lmo
546 601 734 674 sequeretur,
755 590 871 654 nullum
888 608 956 652 esse
972 610 977 696 q
996 589 1091 650 ctrina
1108 598 1224 670 patrum
1241 610 1274 654 ac
1291 592 1515 674 theologorum,
1538 609 1589 664 tum
1649 616 1650 676 t

353 681 384 744 44
416 679 542 742 44444444
574 685 793 739 sacramentum
818 673 1126 772 mortuo-idemque
1145 695 1178 736 44
1208 677 1325 739 44444444
1350 680 1589 760 promissionum.

352 781 520 841 enimcum
541 781 645 823 otrtnes
661 760 837 822 accedentes
857 757 892 819 ad
910 777 958 818 sa·
975 788 978 801 =
998 757 1076 827 Quin
1094 759 1154 819 ium
1173 769 1204 820 44
1232 761 1306 822 illud
1332 763 1520 840 adiecimus,
1540 787 1590 830 444

353 847 578 911 4444444444νί
598 845 655 908 iam
688 853 788 906 esseut
814 863 849 904 44
867 842 957 904 iusti·
998 842 1038 902 ita
1070 861 1103 904 se
1131 843 1244 905 habere
1264 845 1294 906 iu
1316 847 1472 910 obstructo
1489 861 1590 930 specta-

353 933 444 996 licati.
999 934 1072 987 tam.
1085 926 1220 988 Celerum
1235 929 1268 992 44
1279 940 1417 994 currerem
1437 933 1522 1013 plura
1536 954 1591 998 sua·

397 1017 468 1077 444.
490 1014 606 1078 liabent
636 1031 708 1089 ergo
737 1011 781 1073 illi
804 1010 957 1073 caritatem
999 1010 1080 1088 deut,
1103 1011 1195 1072 Deum
1216 1011 1255 1090 ei,
1272 1014 1324 1095 qui
1338 1015 1442 1094 diligit
1462 1036 1549 1097 super
1563 1041 1590 1080 o-

354 1101 499 1182 aliquam,
515 1098 796 1180 sedimperl'eetam,
810 1094 961 1176 quaedis·
1001 1095 1093 1172 mnia,
1118 1103 1207 1176 atque
1222 1095 1302 1159 dolet
1329 1098 1366 1161 de
1388 1102 1521 1180 peccatis
1542 1104 1592 1166 suis

354 1187 439 1268 pouit
470 1184 591 1265 quidem
622 1181 660 1243 444
695 1179 958 1256 idstidcationem,
1000 1198 1034 1240 eu
1054 1179 1164 1240 4444444
1182 1179 1245 1261 4444
1264 1200 1316 1243 444
1337 1184 1477 1245 caritatis
1496 1186 1592 1267 imper-

354 1269 408 1331 sed
436 1287 494 1329 non
513 1269 591 1331 44444
609 1267 674 1329 siue
692 1263 871 1326 sacramenti
891 1265 958 1324 elli·
1001 1264 1117 1341 lectae,
1149 1283 1208 1325 nou
1240 1266 1416 1328 defuturum
1440 1271 1593 1344 gratiasua

355 1353 438 1415 cacia
462 1353 637 1415 iustificare.
659 1349 733 1410 llinc
756 1357 835 1410 recte
856 1345 962 1408 Petrus
1001 1347 1181 1429 perficiendo
1200 1350 1355 1413 caritatem
1375 1353 1527 1414 eiusmodi
1544 1354 1591 1415 im·

355 1437 554 1518 chrysologus
585 1435 703 1497 alebat:
742 1433 863 1496 Absoloi
891 1432 963 1492 uis?
1002 1433 1176 1514 perlectam.

355 1523 447 1585 dmu:
460 1522 571 1584 coritas
584 1516 963 1600 cooperietmultitttdiuem
1047 1517 1118 1577 444.
1130 1513 1285 1597 Siquidem
1302 1537 1370 1581 curn
1384 1520 1499 1602 aliquis
1515 1519 1591 1585 licum

355 1613 552 1685 peccatorum.
584 1603 620 1664 Et
650 1602 748 1664 inira:
769 1601 907 1676 Fratres,
937 1600 965 1685 si
1003 1599 1101 1676 diligit
1117 1619 1208 1682 super
1235 1603 1337 1664 omnia
1363 1623 1400 1666 ex
1421 1605 1530 1666 motivo
1547 1607 1592 1667 in-

358 1707 412 1752 444
430 1696 672 1768 essepeocotores
693 1686 965 1757 nocturnarum
1004 1687 1153 1766 perlecto,
1179 1685 1265 1747 lacile
1296 1689 1434 1765 assurgit
1465 1689 1502 1750 ad
1522 1690 1590 1752 illun

270 1831 275 1842 ,
358 1773 487 1835 polienus
505 1781 679 1851 peccatores,
701 1770 825 1850 pedibus
847 1767 965 1831 Cbristi
1004 1768 1185 1846 diligendum
1206 1780 1329 1850 propter
1343 1791 1385 1851 se,
1409 1793 1445 1835 ac
1464 1773 1506 1834 sic
1523 1773 1592 1835 iusti·

357 1859 459 1921 demus
472 1857 623 1933 lacrimas,
637 1871 816 1936 spurpnmus
830 1852 962 1931 capillos,
1005 1854 1145 1914 beabitur
1162 1854 1250 1915 etiam
1272 1865 1353 1918 extra
1372 1851 1589 1935 sacramentum,

357 1945 486 2024 4444444
502 1942 622 2018 444444,
650 1939 770 2020 pietatis
791 1938 886 1999 oletum
904 1945 965 1998 totu
1005 1956 1073 1998 cum
1087 1937 1164 1999 [leurs
1177 1939 1290 2016 gratiae
1304 1960 1378 2002 suae
1400 1942 1590 2023 opitulatione,

359 2027 510 2088 devotione
527 2026 703 2105 4444444444,
723 2033 755 2085 44
773 2023 894 2085 dicutur
912 2039 966 2082 rto·
1006 2040 1073 2082 cum
1091 2041 1166 2104 opus
1185 2022 1286 2102 luerit,
1320 2026 1347 2086 ei
1371 2045 1435 2087 nou
1455 2026 1592 2087 defuturus

360 2111 423 2172 bis:
445 2111 648 2173 Dimittuntur
663 2107 742 2171 uoltis
756 2114 872 2186 4444444
883 2107 965 2169 mul·
1005 2106 1060 2182 sit,
1081 2115 1111 2168 et
1139 2106 1191 2187 qui
1209 2107 1267 2169 iam
1287 2108 1387 2185 diligit
1407 2111 1500 2172 Deum
1517 2127 1590 2191 super

361 2202 404 2272 44,
422 2195 493 2272 quin
508 2194 656 2256 attentatis
675 2193 803 2254 mrrltum
817 2190 878 2270 (l).
1007 2191 1120 2269 omnia,
1139 2191 1209 2251 lmic
1227 2193 1340 2268 gratiae
1357 2195 1450 2257 facile
1465 2212 1590 2275 coopera-

357 2301 361 2342 τ
405 2279 477 2339 444.
498 2276 632 2348 Quorum
653 2275 764 2336 similia
782 2273 893 2335 444444
913 2293 965 2336 ce·
1008 2275 1108 2348 bitur,
1138 2284 1228 2356 atque
1257 2277 1312 2339 444
1342 2281 1462 2341 4444444
1486 2280 1550 2354 444,
1567 2285 1589 2337 44

361 2361 417 2423 teri
437 2370 547 2442 patres,
568 2361 679 2440 quibus
702 2367 872 2440 peccatores
892 2358 966 2418 bor·
1009 2377 1095 2420 nemo
1116 2359 1153 2420 sit
1172 2360 1323 2440 periturus
1341 2363 1494 2442 diligendo
1515 2362 1589 2423 lleun

359 2454 479 2524 tantur,
505 2455 538 2507 ut
564 2445 601 2505 ad
631 2443 766 2504 mulieris
794 2441 967 2522 peccatricis
1007 2462 1099 2524 super
1125 2444 1226 2506 orunia
1254 2465 1357 2508 amore
1392 2447 1588 2529 coucupiscen-

360 2530 536 2610 4444444444
569 2529 696 2589 mullum
733 2525 876 2603 diligant,
906 2545 967 2606 quo
1001 2527 1078 2588 tiae.

360 2614 484 2675 ualeam
517 2613 679 2674 multorum
706 2619 895 2692 peccatorum
916 2628 968 2671 ve·
1052 2613 1123 2673 448.
1143 2607 1192 2673 Sic
1208 2611 1319 2693 pariter
1334 2623 1422 2678 aetus
1444 2611 1588 2676 dilectionis

361 2697 446 2768 :uiam
470 2698 642 2779 impetrare,
663 2713 765 2757 amore
785 2713 890 2776 nempe
904 2711 970 2774 per·
1010 2694 1061 2756 Del
1077 2716 1111 2758 er
1131 2697 1240 2757 motivo
1272 2697 1506 2778 beneficiorum,
1529 2713 1587 2778 quae

361 2783 442 2870 44444
463 2792 492 2844 44
511 2780 704 2863 444444444444
723 2798 854 2856 summo,
876 2778 901 2840 si
917 2797 968 2840 ve·
1009 2779 1046 2840 ab
1066 2799 1101 2842 eo
1121 2781 1270 2862 quispiam
1289 2783 1434 2860 obtinuit,
1453 2803 1497 2847 er.
1516 2800 1553 2858 gr.
1567 2799 1588 2840 a·
1652 2792 1653 2805 ¹

361 2867 416 2929 'nia
445 2867 484 2929 444
512 2865 675 2928 obtinenda
697 2875 779 2926 extra
796 2881 969 2925 sacramen·
1009 2873 1075 2926 ctus
1101 2865 1213 2927 4444444
1243 2884 1312 2944 erga
1341 2868 1492 2931 Christum
1511 2867 1587 2928 lesum

367 2960 442 3013 tum.
468 2951 553 3014 Ratio
575 2970 644 3012 4444
665 2949 702 3012 44
730 2949 891 3010 4444444444
915 2967 968 3029 pe·
1010 2948 1054 3009 uti
1073 2950 1291 3030 redemptorem
1307 2962 1457 3032 nostrum,
1478 2968 1511 3014 es
1526 2969 1553 3010 44
1564 2949 1587 3009 r'n

367 3035 439 3097 titur
457 3055 491 3096 ex
520 3034 660 3096 nobiliori
691 3035 838 3114 longeque
862 3031 969 3093 4444444
1011 3035 1250 3112 nostratuum
1275 3037 1383 3098 sufficit
1401 3039 1440 3100 ad
1459 3035 1586 3099 caritatem

367 3119 548 3199 4444444444
568 3127 664 3193 44444,
688 3137 748 3196 444
772 3115 850 3178 lleus
868 3115 969 3192 diligi·
1011 3118 1166 3180 lormalem
1183 3119 1345 3202 perlectam
1357 3117 1585 3184 constituendam.

368 3210 555 3282 4444444444
582 3221 636 3278 se,
666 3201 782 3279 quique
809 3201 841 3260 in
864 3200 969 3262 ordine
1010 3203 1147 3264 Attamen
1168 3205 1355 3266 4444444444
1378 3201 1586 3282 excogitatione

369 3285 475 3346 morali
505 3285 639 3346 44444444
659 3292 704 3345 444
730 3283 767 3344 44
798 3293 887 3362 4444,
908 3303 969 3364 quo
1011 3286 1225 3350 beneficiorum
1245 3290 1387 3351 transitus
1404 3292 1437 3353 ut
1450 3289 1485 3352 ad
1501 3302 1586 3361 cogno

367 3367 971 3446 444444444444444444444444444444-
1011 3369 1151 3432 scendum
1184 3391 1219 3435 ac
1252 3371 1434 3450 diligendam
1467 3370 1586 3434 infinitam

368 3462 475 3516 strum.
496 3452 550 3515 llic
568 3462 651 3515 actus
673 3451 758 3513 ualde
788 3451 884 3514 bouus
910 3461 967 3530 est,
1013 3445 1063 3515 ilci
1086 3455 1248 3518 bonitatem
1264 3456 1295 3517 in
1315 3476 1348 3520 se
1367 3459 1444 3540 ipsa.

369 3539 411 3600 uti
431 3537 616 3601 ostendimus
635 3537 665 3598 in
685 3545 810 3598 44444444
840 3535 876 3598 de
892 3555 967 3618 spe,
1058 3539 1126 3600 449.
1158 3540 1259 3622 Neque
1297 3542 1344 3603 bic
1377 3541 1472 3604 omitti
1501 3536 1584 3607 debet,

368 3642 403 3684 44
421 3623 545 3703 44444444
565 3621 695 3704 disponit
718 3620 839 3701 quidem
863 3621 900 3683 ad
919 3621 970 3682 iu·
1012 3622 1093 3703 quod
1120 3634 1203 3686 aelus
1230 3627 1342 3687 amoris
1365 3625 1417 3690 Dei
1444 3632 1585 3710 44444444Ι

369 3707 591 3785 4444444444,
613 3716 743 3768 44444444
766 3723 819 3787 444
836 3723 868 3767 44
888 3707 971 3767 44444
1012 3707 1096 3768 valde
1116 3708 1212 3770 lacilis
1241 3709 1281 3771 sit
1300 3711 1414 3773 bomini
1439 3713 1530 3782 iusto,
1548 3718 1585 3782 qm

370 3811 427 3854 4444
447 3791 567 3853 sullicit.
1014 3791 1149 3853 44444444
1169 3793 1423 3873 44444444444444;
1445 3801 1488 3857 444
1501 3805 1584 3872 peeca-

412 3877 483 3938 444.
497 3875 577 3938 44444
590 3873 692 3939 omnia
708 3874 972 3936 eorrdrmanturex
1015 3884 1060 3935 tor
1081 3877 1198 3939 lucilius
1217 3888 1352 3940 movetur
1380 3900 1413 3941 ex
1438 3880 1533 3942 timore
1548 3874 1585 3931 aul

369 3959 406 4020 iis
425 3959 576 4036 44444444,
595 3959 717 4039 quaein
734 3957 906 4040 praemissis
922 3956 973 4017 ad·
1013 3978 1076 4040 spe,
1097 3980 1186 4041 quam
1208 3981 1242 4023 ex
1258 3982 1333 4044 puro
1352 3963 1404 4026 Dei
1423 3978 1519 4027 amore
1533 3971 1585 4036 444

371 4042 577 4104 ructationibus
609 4042 646 4102 ad
676 4041 835 4103 articulum
857 4061 887 4120 4,
916 4039 973 4101 444
1015 4054 1080 4124 4444
1108 4065 1141 4107 44
1170 4046 1283 4107 dilecti.
1317 4047 1393 4110 Hinc
1423 4051 1583 4120 summopere

370 4146 400 4186 4.
430 4126 472 4199 4,
498 4124 784 4202 444444444444444;
815 4125 973 4206 multiplici
1014 4130 1250 4192 connirertdanda
1268 4139 1313 4192 444
1332 4132 1526 4198 4444444444,
1547 4117 1584 4200 qul

370 4227 478 4289 4444444
497 4227 531 4268 ex
552 4207 648 4288 eapite
667 4207 811 4288 4444444,
832 4228 885 4270 seu
898 4227 973 4268 eon·
1014 4213 1051 4274 ad
1071 4214 1234 4276 faciliorem
1264 4215 1444 4278 reddendam
1464 4208 1581 4276 4444444-

370 4291 573 4374 cupisccutiue
587 4309 719 4352 44444444
735 4293 857 4353 minime
872 4292 975 4353 remit·
1015 4297 1125 4359 tionem
1156 4299 1321 4379 4444444444
1351 4301 1477 4362 instituit
1503 4307 1581 4355 saera-

371 4379 391 4440 ti
407 4387 488 4440 44444
507 4384 727 4439 sacratneutum
748 4383 889 4457 peccata,
910 4384 972 4438 lum
1015 4392 1114 4444 menta
1133 4381 1272 4464 baptismi
1294 4393 1324 4445 et
1342 4380 1540 4466 poenitentiae,
1559 4369 1581 4429 it

371 4463 486 4525 scilicet
504 4481 539 4525 cx
568 4461 611 4525 444
639 4473 756 4540 tratura,
781 4469 843 4522 4444
863 4480 897 4522 44
917 4461 973 4522 do·
1015 4466 1126 4545 quibus
1156 4468 1264 4529 sufficit
1292 4488 1378 4530 amor
1401 4462 1581 4546 concupiscet·

403 4576 593 4642 lustrandi,
613 4594 656 4646 44,
675 4575 736 4628 odit.
764 4577 973 4646 ,lttgttsltcl'in-
1014 4550 1171 4613 maeotim
1187 4561 1394 4632 c⁰n⁰⁰pmsex
1411 4542 1580 4615 flmmeum

369 4641 446 4695 detta.
460 4649 535 4696 4744.
992 4633 997 4718 Ι
1013 4653 1082 4698 vero
1096 4636 1182 4697 suerit
1194 4645 1332 4718 peccator
1345 4638 1520 4708 iustificatos,
1534 4630 1581 4706 pm-
