3700 5659
636 579 640 586 ⁸
749 525 891 574 atrurn.
1346 516 1406 578 157

217 635 353 721 praeclare
369 629 456 693 docet
474 645 499 690 s.
517 626 661 689 ¹ihomas:
688 622 796 703 infini—
1041 627 1166 688 CAPUT
1197 629 1242 688 11.

219 718 257 784 tol
272 718 386 782 uirtutis
403 722 443 776 eet
458 714 616 792 proprium
633 709 672 771 od
690 706 797 787 latai·
1009 755 1047 800 DE
1065 756 1188 802 ΜΗΘ
1207 757 1273 805 sm

218 818 270 869 tom
286 805 390 867 bonam
399 799 561 878 perducere
579 794 640 874 (l).
660 791 733 854 llum
745 807 798 850 ue·
948 809 952 815 ’

220 909 248 950 ro
265 885 339 948 istud
357 884 471 944 bonum
496 881 534 941 sit
557 879 709 952 loturum,
731 873 799 936 ideo
881 869 934 931 lt.
953 870 1066 953 Duplex
1084 875 1149 954 spei
1168 875 1321 938 obiectum
1341 877 1451 941 distin-

223 974 253 1033 de
266 989 299 1032 eo
313 968 454 1028 diximus:
476 967 676 1042 Ecpcctonme
695 958 756 1040 (i).
839 954 962 1032 guitur,
983 956 1137 1020 materiale
1151 967 1181 1021 et
1195 960 1334 1023 iorrnale.
1353 962 1449 1026 blate-

253 1050 487 1116 ilbhdiicitur:
504 1049 577 1111 Tum
589 1044 802 1109 beatitudinem
840 1039 916 1101 riale
930 1039 1006 1102 illud
1024 1049 1081 1118 est,
1102 1042 1182 1104 circa
1201 1043 1284 1125 quod
1302 1047 1366 1126 spei
1388 1048 1450 1109 uir·

219 1148 453 1215 octerrom‚·quce
465 1134 498 1195 la
511 1133 562 1195 Dei
574 1130 721 1212 fruitione
735 1143 804 1190 com-
842 1131 891 1186 tus
907 1132 1063 1202 versatum
1083 1126 1210 1189 turmale
1227 1145 1299 1190 vero
1315 1139 1362 1193 est
1379 1149 1449 1194 mo-

218 1224 305 1300 rtalit,
325 1229 388 1284 tum
405 1219 505 1281 medic
526 1217 608 1278 illiue
623 1227 801 1291 consequeu-
843 1207 960 1286 tivum,
981 1227 1041 1289 quo
1069 1209 1244 1274 inducimur
1264 1212 1302 1274 ad
1319 1232 1448 1295 speran-

220 1310 284 1368 doc:
314 1323 389 1386 quae
407 1302 501 1364 uerba
518 1301 630 1363 habent
656 1296 802 1359 rationem
844 1291 929 1369 dum,
949 1293 1104 1374 quod-per
1121 1295 1272 1358 obiectum
1293 1300 1450 1363 materiale

221 1388 410 1466 differentiae,
431 1395 522 1467 atque
550 1399 721 1463 germanam
741 1378 804 1460 spei
844 1377 1034 1458 proponitur.
1059 1377 1101 1440 lle
1126 1387 1256 1461 utroque
1275 1380 1449 1460 singillatim

220 1466 805 1550 christianaesubstantiampropriamque
845 1459 995 1524 distinctis
1013 1461 1149 1526 articulis
1177 1482 1265 1544 agere
1289 1468 1451 1531 constitui-

222 1566 341 1620 naturam
359 1556 611 1636 cotmplecluntur.
631 1550 705 1633 Spes
722 1565 807 1611 nant-
846 1561 925 1607 mus.

223 1661 280 1720 crue,
298 1641 418 1702 sirecte
441 1637 669 1714 consideretur,
691 1639 807 1696 constat
835 1633 864 1658 ¹'
922 1651 923 1654 ¹

223 1725 323 1787 duobus
339 1723 502 1786 voluntatis
526 1731 647 1784 nostrae
664 1719 803 1796 actibus;
848 1793 862 1800 .,

225 1828 273 1869 uno
292 1807 423 1886 seilicet,
444 1826 505 1888 quo
523 1804 635 1888 appetit
664 1803 758 1865 Deum
777 1811 807 1870 et
832 1825 851 1856 ι·

225 1893 351 1974 inipsum
378 1899 536 1967 movetur,
557 1897 706 1971 quatenus
728 1907 806 1952 eun·
848 1879 851 1904 ¹
891 1884 1454 1972 l3.Bilariampariterobiectunisper

226 1978 279 2038 len
295 1976 488 2058 apprehendit
506 1983 538 2037 ul
556 1974 706 2055 propriam
731 1973 805 2037 llea·
848 1970 1004 2032 materiale
1016 1969 1194 2048 secernitur,
1209 1972 1383 2052 primarium
1397 1976 1455 2036 sci-

225 2060 384 2138 titudinern;
410 2061 533 2137 altero,
559 2076 619 2139 quo
649 2057 716 2119 eius
741 2077 808 2140 pos·
848 2053 1392 2119 ticatacseoundariun.Primatum
1408 2068 1455 2121 est

226 2145 369 2206 sessionem
388 2164 422 2206 ac
443 2143 619 2206 fruitionem
646 2141 807 2222 aliquando
847 2122 928 2200 Deus
947 2137 1034 2219 ipse,
1054 2155 1108 2198 seu
1130 2137 1284 2202 beatitudo
1302 2150 1405 2204 nostra
1422 2143 1454 2204 iu

226 2230 335 2290 loturam
345 2236 538 2311 expectamus
549 2245 602 2310 per
617 2225 715 2288 media
726 2227 808 2290 illius
848 2221 901 2284 llei
920 2222 1063 2285 fruitione
1081 2229 1113 2283 et
1130 2224 1332 2288 assecutione:
1348 2245 1457 2290 secun·

227 2314 458 2393 consequendae;
480 2329 558 2393 quae
582 2311 726 2392 partina
755 2312 808 2374 Dei
849 2307 990 2384 darium,
1011 2306 1158 2387 quidquid
1177 2308 1215 2370 ad
1232 2310 1454 2374 assecutionem

228 2397 355 2472 largitate,
373 2395 809 2476 cuiusmodisuntsupernatu·
849 2391 903 2453 Dei
918 2391 1074 2473 perducit,
1092 2392 1145 2472 qui
1162 2402 1208 2454 est
1226 2392 1379 2456 beatitudo
1402 2415 1457 2459 no·

228 2481 287 2542 ralia
308 2483 417 2559 gratiae
435 2481 573 2559 auxilia,
592 2479 700 2561 partim
720 2500 738 2542 a
755 2499 809 2542 uo·
850 2483 922 2538 stra.
941 2473 1028 2547 Quod
1042 2483 1076 2537 ut
1090 2475 1273 2557 adstruatur,
1292 2478 1331 2541 sit

229 2563 323 2626 luntate
338 2574 440 2628 nostra
460 2564 708 2647 proficiscuntur,
732 2583 810 2646 quae

230 2657 284 2709 sunt
299 2649 373 2712 bona
393 2667 487 2732 opera
505 2667 540 2710 ac
561 2647 703 2710 virtutum
723 2667 810 2711 exer·
1064 2661 1242 2708 rnorostrro

230 2731 288 2828 illle
301 2734 384 2796 nobis
402 2733 538 2830 propria·
555 2733 596 2830 El
611 2732 658 2830 llis
672 2732 724 2794 Dei
744 2753 812 2830 1³⁰⁵:
849 2763 974 2817 Obieclum
987 2767 1113 2814 materiale
1124 2769 1176 2828 spei
1186 2769 1334 2826 primarium
1345 2770 1379 2817 ecl
1393 2766 1457 2819 Deae

230 2834 306 2878 sessio
326 2825 482 2881 consillull
500 2836 563 2898 spel
582 2818 731 2878 Obleclllltl
753 2837 813 2898 prl-
884 2837 945 2895 ipae,
958 2835 1080 2881 beatitudo
1091 2836 1200 2881 aeterno:
1216 2838 1386 2884 secundarium
1399 2841 1456 2885 cunt

232 2901 349 2980 inanum,
365 2903 467 2964 media
480 2901 667 2963 constituunt
676 2901 810 2964 eiusdem
884 2903 1026 2949 nocumento
1043 2903 1140 2957 mnu,
1159 2899 1386 2981 canini-renarro,
1406 2907 1457 2954 rom

232 2984 360 3048 objectum
372 2986 598 3049 secundarium·
884 2969 1108 3031 learporolimouur
1119 2971 1151 3018 od
1162 2969 1333 3019 beatitudinem
1340 2974 1458 3022 ordinau-

264 3069 307 3130 lb.
327 3071 357 3132 5⁰
382 3071 511 3134 Daunum
535 3070 666 3132 dicitur:
687 3071 812 3150 Propter
887 3041 928 3085 ω’

233 3152 383 3217 diuinorum
405 3156 640 3236 promissionum
664 3156 812 3218 veracita-
897 3151 948 3212 tt.
965 3148 1015 3212 Sic
1025 3168 1095 3213 uero
1110 3166 1164 3233 per
1182 3159 1281 3233 partes
1299 3154 1457 3236 probatur,⁴

233 3245 287 3298 tem:
304 3239 411 3318 quihus
429 3239 624 3321 praecipuum
645 3238 815 3302 continetur
853 3250 888 3297 ac
900 3235 1009 3316 primo:
1030 3235 1107 3297 lllud
1125 3244 1206 3298 recte
1222 3236 1333 3300 dicitur
1344 3238 1459 3321 prima-

235 3319 397 3385 christiauae·
410 3323 477 3405 spei
495 3322 733 3384 tundamentum.
854 3320 934 3382 rium
949 3339 984 3382 ac
997 3319 1190 3402 praecipuum
1210 3322 1275 3402 spei
1293 3321 1457 3404 obiectum,

266 3405 309 3465 ll.
338 3405 417 3470 Haec
434 3425 526 3489 porro
553 3425 621 3488 spes
638 3407 761 3488 perinde
780 3425 814 3470 ac
856 3404 936 3485 quod
952 3405 1089 3466 uoluntas
1101 3405 1213 3466 directe
1228 3406 1341 3488 appetit
1357 3416 1391 3470 ut
1406 3409 1460 3470 bo-

237 3485 293 3550 ldes
312 3501 405 3570 pptest
423 3510 491 3554 esse
509 3490 571 3553 sive
585 3495 735 3574 formato,
754 3491 816 3553 sive
855 3507 941 3564 num,
958 3507 1019 3568 quo
1037 3488 1125 3550 beata
1142 3488 1298 3567 efficiatur,
1320 3499 1410 3572 atque
1428 3501 1460 3554 ut

236 3571 365 3650 intents.
382 3577 523 3638 Formata
535 3575 586 3637 illa
600 3575 721 3653 dicitur,
738 3595 816 3656 quae
855 3573 945 3634 finem
964 3572 1127 3649 ultimum,
1148 3572 1179 3633 in
1196 3591 1257 3652 quo
1276 3575 1363 3654 plane
1381 3593 1458 3635 con-

237 3672 291 3745 curr
307 3660 425 3723 caritate
439 3661 666 3737 coniunctam,
681 3659 817 3740 adeoque
856 3655 1003 3736 quiescat.
1023 3653 1081 3716 Sed
1100 3656 1157 3716 hoc
1177 3656 1301 3735 bonurn,
1323 3657 1354 3718 in
1379 3661 1460 3739 quod

237 3754 261 3796 111
275 3743 404 3806 omnihus
423 3743 512 3806 iustis
529 3744 699 3824 reperitur;
720 3743 817 3805 infor·
858 3741 949 3801 homo
965 3757 1018 3821 per
1035 3738 1225 3801 christianam
1247 3759 1329 3822 spem
1348 3741 1460 3806 directe

238 3822 283 3884 nis
299 3833 405 3906 autern,
426 3847 506 3909 quae
535 3827 659 3890 caritate
677 3827 819 3890 destituta
858 3824 963 3901 tendit,
978 3832 1024 3884 est
1041 3823 1120 3885 lleus
1142 3824 1206 3905 ipse
1224 3833 1258 3885 ut
1275 3827 1460 3889 constituens

239 3914 283 3984 cst,
295 3921 377 3988 prout
393 3911 538 3990 contingit
551 3911 582 3972 in
597 3911 816 3993 peccatoribus,
858 3908 1011 3990 proprium
1025 3908 1114 3969 finem
1131 3925 1279 3989 sanamque
1297 3910 1462 3973 beatitudi-

240 3990 311 4064 quia
334 3996 455 4059 caritate
475 4015 528 4078 per
545 3996 685 4060 lethalem
711 4015 819 4057 noxam
859 4011 939 4053 nem.
960 3991 1034 4053 llinc
1053 3991 1088 4053 ll.
1109 3992 1256 4054 Thomas:
1274 3995 1341 4057 Non
1366 3998 1459 4072 euim,

239 4075 401 4140 exciderunt,
859 4075 968 4157 inquit,
986 4078 1087 4139 minas
1105 4078 1219 4157 aliquid
1232 4081 1269 4141 ob
1287 4097 1320 4141 eo
1337 4097 1462 4159 speron-

270 4155 343 4228 lluae
371 4163 418 4226 hic
435 4164 481 4226 rix
503 4163 656 4241 attigimus
675 4162 712 4225 ad
741 4180 819 4223 anu·
859 4163 931 4224 dum
949 4168 991 4222 eet
1009 4208 1017 4237 ,
1037 4179 1126 4240 parom
1143 4162 1182 4224 cit
1216 4163 1295 4242 lpse,
1316 4181 1383 4227 cum
1402 4183 1462 4227 non

240 4238 373 4308 cleandarn
387 4249 450 4328 spei
466 4248 680 4313 definitionem,
702 4245 819 4327 plenius
858 4247 897 4308 sit
915 4246 1017 4307 minor
1043 4246 1107 4308 ciac
1135 4246 1273 4322 bonitas,
1296 4264 1353 4327 per
1374 4265 1463 4327 quam

240 4339 400 4403 exponemus
415 4333 446 4393 in
465 4341 608 4394 tractatus
623 4332 763 4392 decursu.
859 4332 937 4393 borco
958 4338 1115 4392 creaturae
1133 4333 1330 4393 contmrcuicot
1346 4378 1354 4407 ‚
1373 4349 1463 4409 paam

1100 1687 1161 1734 Aer.
1179 1681 1201 1735 l.

971 1777 1008 1828 De
1027 1775 1117 1827 obiecto
1130 1780 1258 1828 materiali
1272 1781 1334 1842 spel.

268 4537 346 4606 (llll,
363 4551 389 4610 2,
410 4565 436 4617 q.
451 4553 494 4610 ll,
515 4557 564 4600 art.
589 4553 615 4599 Ε).
858 4545 929 4596 illam
946 4553 1131 4613 expectamus,
1159 4560 1237 4612 quum
1260 4544 1329 4594 Deus
1353 4543 1462 4596 daturus

268 4605 367 4674 l²llluc
394 4619 541 4668 referuntur
568 4616 647 4667 verba
674 4614 769 4666 Tobiae
792 4618 820 4675 ἓ,
858 4621 896 4664 est
912 4613 972 4674 his,
1003 4614 1049 4679 quui
1066 4613 1143 4664 fidem
1160 4628 1231 4663 suurn
1249 4628 1382 4681 nunquam
1402 4627 1462 4662 tuu-

244 4672 280 4721 482
303 4677 541 4737 «Filiisanetorunr
558 4699 664 4747 eunius,
692 4692 717 4734 et
742 4683 820 4734 vitani
858 4689 913 4732 taut
930 4679 962 4730 ab
979 4696 1020 4732 eo.
