3700 5659
377 496 437 556 153
903 499 942 544 aa
962 499 1017 546 sra

332 623 401 668 esse
416 601 603 679 absolutam,
624 598 748 663 minime
773 613 843 658 aero
863 613 938 656 con·
955 595 958 637 ¹
978 596 1038 657 tiae
1052 593 1303 674 promissionibus
1325 593 1437 675 fretra,
1459 597 1588 662 indati-

335 688 525 764 ditionatam,
556 705 590 748 ac
609 681 771 748 dammodo
791 680 940 742 habeatur
979 688 1071 742 totam
1085 679 1440 759 mata-cnpntotionem
1460 699 1588 762 macca·

336 773 410 835 fides
429 770 679 852 promissionum,
701 785 791 848 qnam
809 772 938 840 vocant,
978 766 1034 827 mit
1051 762 1111 844 (Ξ).

312 857 368 952 ’qin
396 864 459 918 tuto
480 856 540 917 iam
558 854 685 936 positam
712 868 779 913 esse
798 857 941 911 aeternae
1023 849 1075 910 60.
1099 845 1137 909 Ut
1155 846 1246 926 igitur
1263 847 1435 910 uniuersam
1454 852 1590 932 comple·

336 941 452 1020 gloriae
470 939 672 1019 adeptionem.
703 935 747 997 lta
764 932 939 1010 Lutherus,
981 941 1098 994 ctamur
1133 950 1306 1010 germanam
1347 932 1519 996 doctrinam
1549 937 1590 998 de

337 1024 567 1108 protestantium
592 1021 727 1084 omnium
747 1036 855 1100 parens
875 1017 939 1098 qui,
982 1017 1045 1099 spei
1061 1015 1242 1078 certitudine
1259 1017 1315 1077 sab
1338 1036 1399 1079 ano
1420 1027 1584 1100 respectu,

344 1110 439 1180 Vides,
461 1107 571 1188 inquit,
588 1123 677 1187 qaaom
704 1105 784 1167 dioec
801 1102 839 1165 sit
857 1103 944 1164 tomo
982 1102 1080 1182 deque
1094 1100 1161 1162 eius
1174 1100 1388 1163 incertitudine
1400 1103 1459 1164 sab
1476 1104 1585 1181 altero,

338 1193 531 1270 rorationes,
549 1193 592 1255 oet
605 1190 787 1272 baptizatas,
807 1194 840 1250 at
851 1188 943 1250 ctiam
983 1195 1013 1248 et
1022 1187 1065 1247 sic
1078 1185 1251 1247 refellamus
1263 1185 1517 1248 heterodoxorum
1526 1189 1591 1269 pla·

338 1278 437 1340 valens
462 1294 524 1339 non
549 1277 642 1356 possit
663 1273 789 1355 perdere
817 1271 944 1334 oetatem
982 1271 1063 1347 cita3
1087 1269 1281 1350 insequentes
1303 1269 1498 1332 adstruamus
1515 1291 1589 1352 pro-

339 1379 426 1424 ruant
452 1361 697 1440 quantiscumque
714 1357 863 1437 peccatis,
882 1356 944 1417 arisi
983 1354 1170 1436 positiones,
1197 1372 1234 1415 ea
1251 1361 1349 1416 amen
1369 1355 1446 1434 lege,
1474 1364 1512 1418 ut
1529 1375 1588 1418 non

340 1446 416 1509 nolit
445 1446 573 1508 aradae.
602 1442 695 1506 Nullo
725 1440 805 1502 enim
828 1447 944 1520 peccota
984 1439 1146 1515 iteremus,
1164 1457 1243 1517 quae
1269 1437 1307 1500 de
1332 1440 1392 1500 hoc
1406 1439 1474 1520 ipso
1496 1459 1589 1517 argu-

336 1536 462 1610 possant
475 1545 542 1590 eam
560 1528 715 1602 damnare,
735 1523 797 1586 aiei
813 1524 875 1586 solo
890 1524 944 1584 in·
984 1531 1084 1585 mento
1105 1521 1304 1584 disseruimus
1333 1523 1365 1584 iu
1392 1531 1525 1586 tractatu
1548 1529 1591 1588 lle

342 1612 570 1692 credulitasss).
584 1608 670 1682 Quod
684 1609 709 1670 si
724 1606 873 1670 interdum
886 1607 945 1668 Lu·
983 1608 1105 1689 pratia,
1126 1606 1157 1667 in
1174 1626 1234 1688 quo
1251 1607 1368 1684 minus
1384 1607 1422 1670 de
1439 1608 1591 1671 iustifica-

343 1696 421 1758 theri
439 1693 590 1777 discipuli,
609 1693 723 1775 pudore
739 1691 838 1754 allecti
860 1692 944 1753 eias-
985 1693 1078 1754 tione.

343 1780 425 1842 modi
444 1779 607 1856 doctrinae,
626 1778 764 1839 videntur
779 1793 838 1836 non
857 1777 945 1857 plane

345 1863 502 1926 excludere
513 1883 531 1925 a
544 1861 663 1941 negotio
682 1860 786 1924 salutis
797 1859 945 1921 bonorum
1178 1859 1353 1905 PR⁰P⁰S¹l¹0
1369 1862 1391 1906 1·

345 1966 469 2030 operum
481 1948 703 2024 necessitatem,
717 1963 785 2007 cam
798 1945 871 2005 haec
886 1943 948 2006 sint
1019 1942 1078 2004 sper
1088 1944 1369 2004 carrectanaprmanma
1381 1959 1411 1993 π
1422 1948 1560 1996 certissima

344 2031 456 2094 indicia
469 2050 556 2094 verae
568 2030 654 2108 fadei3
675 2038 805 2091 attamen
821 2047 881 2089 non
894 2029 949 2090 ho·
1165 2016 1201 2059 ‘⁸'
1218 2027 1248 2060 ’ω
1263 2016 1333 2072 ”W
1352 2010 1407 2060 ’Μ’

345 2117 393 2178 nis
412 2116 567 2197 operibus,
598 2115 652 2176 sed
669 2113 726 2176 soli
743 2111 813 2174 fidei
831 2113 948 2174 adseri·
1031 2111 1083 2172 61.
1103 2109 1188 2173 Licet
1208 2111 1239 2172 in
1271 2111 1350 2173 idem
1369 2112 1491 2176 tandem
1513 2115 1595 2176 reci-

347 2200 423 2262 bant
442 2209 504 2262 tum
527 2197 760 2275 iustificationis,
773 2205 835 2259 tam
849 2206 950 2259 aeter·
990 2195 1061 2258 dant
1076 2194 1135 2256 duo
1155 2197 1185 2257 hi
1213 2204 1376 2277 conceptus
1395 2198 1549 2260 firmitatis
1566 2209 1596 2260 et

347 2303 405 2345 nae
424 2283 530 2344 salutis
549 2283 751 2364 adeptionem.
778 2280 864 2351 Quod
883 2301 950 2343 ma·
990 2279 1197 2357 certitudinis,
1228 2280 1362 2362 ipsoram
1389 2289 1491 2344 tamen
1514 2284 1590 2344 ratio

350 2367 394 2446 gis
410 2368 509 2428 elucet
524 2386 559 2428 ex
577 2386 624 2443 eo,
643 2365 723 2446 quod
742 2363 838 2426 adhuc
857 2366 952 2446 persi·
991 2364 1279 2426 distinctasubtilias
1291 2365 1498 2445 aquibusdam
1511 2368 1596 2428 theo·

352 2459 513 2512 stantcum
533 2470 587 2512 sao
608 2449 802 2528 antesignano
820 2448 951 2510 Luthero
991 2448 1067 2525 logis
1100 2447 1280 2526 assignatur.
1311 2447 1466 2530 Siquidem
1484 2470 1594 2532 spesa

352 2535 383 2596 in
403 2534 581 2611 assignando
611 2533 783 2595 discrimine
805 2532 884 2595 inter
905 2535 952 2594 le·
993 2532 1146 2594 nonnullis
1180 2533 1290 2594 dieitur
1310 2533 1415 2608 firma,
1446 2545 1596 2615 quatenus

353 2637 420 2696 gem
438 2627 467 2680 et
486 2619 691 2698 evarigelium,
715 2616 796 2698 quod
815 2619 861 2679 lex
880 2637 952 2699 pro·
994 2635 1113 2678 omnem
1132 2617 1262 2679 excludit
1281 2636 1315 2678 ex
1333 2628 1417 2698 parte
1442 2619 1496 2681 Dei
1524 2620 1597 2681 deli·

350 2713 445 2786 ponat
465 2703 610 2765 iustitiam
638 2711 728 2783 atque
750 2703 876 2763 salutem
896 2702 954 2764 sub
995 2702 1132 2762 iteratam
1144 2700 1296 2780 timorem,
1309 2703 1598 2784 fluctuationemquc

354 2787 526 2849 conditione
544 2806 680 2869 operum,
702 2787 887 2864 evangelium
907 2806 956 2848 ve·
995 2785 1179 2862 volantatis3
1209 2795 1292 2847 certa
1309 2794 1427 2861 autem,
1449 2798 1598 2867 quatenus

353 2891 387 2933 ro
408 2871 464 2934 sab
483 2873 547 2934 sola
562 2871 732 2934 conditione
750 2871 840 2949 fidei3
860 2872 956 2934 sicet·
996 2889 1032 2932 ex
1054 2878 1138 2951 parte
1157 2869 1210 2930 [lei
1229 2870 1366 2931 frustrari
1382 2880 1473 2951 atque
1492 2873 1599 2934 averi-

307 3021 310 3024 ,
354 2955 413 3018 iam
435 2975 470 3017 ex
499 2976 547 3034 eo,
569 2955 649 3037 quod
666 2975 727 3017 non
753 2955 872 3033 desint,
904 2956 956 3036 qui
998 2953 1395 3035 tatedelicerenonpotest.
1413 2955 1598 3038 Hancporro

355 3040 453 3101 adhuc
470 3049 591 3102 teneant
621 3040 790 3102 libertatem
813 3041 956 3102 christia·
997 3037 1212 3099 certitudinem·
1224 3058 1260 3100 ac
1273 3039 1443 3102 firmitatem
1458 3041 1598 3103 christia·

356 3143 425 3184 nam
439 3125 550 3184 nullam
564 3123 652 3185 aliam
665 3143 743 3201 esse,
758 3124 954 3203 quamillam,
998 3142 1037 3184 na
1055 3141 1124 3204 spes
1143 3141 1160 3183 a
1177 3122 1235 3184 side
1261 3123 1429 3204 participat.
1449 3124 1514 3188 Hoc
1536 3125 1600 3206 ipso

359 3207 440 3286 qaod
459 3207 555 3268 fidelis
573 3207 650 3268 liher
665 3207 703 3268 sit
721 3226 738 3269 a
754 3207 856 3268 debito
884 3208 959 3286 legis
998 3207 1091 3282 enim,
1114 3206 1193 3286 quod
1211 3206 1290 3269 lleas
1307 3209 1424 3288 aliquid
1441 3209 1602 3290 promisis-

357 3290 544 3370 implendae.
878 3290 888 3310 ⁸
999 3310 1032 3353 se
1053 3291 1195 3366 creditur,
1225 3291 1286 3354 iam
1318 3292 1492 3356 firmissime
1510 3303 1600 3374 atque

401 3376 452 3436 59.
487 3374 546 3436 Nec
577 3374 636 3436 alia
664 3381 709 3436 est
738 3374 958 3436 calvinistarum
1000 3375 1167 3437 certissime
1184 3375 1331 3456 speranda
1341 3379 1604 3459 estrespromissa

358 3457 510 3537 doctrina,
530 3458 576 3520 sin
596 3459 694 3521 minus
710 3459 798 3521 etiam
816 3459 958 3538 deterior,
999 3461 1044 3521 vel
1064 3458 1202 3521 absolute
1218 3461 1264 3522 vel
1284 3461 1498 3540 conditionata,
1515 3470 1604 3544 prout

358 3543 428 3604 dum
456 3544 620 3605 adstruant
650 3543 859 3606 certitudinem
884 3543 961 3605 divi·
1001 3561 1108 3605 sensas
1123 3552 1169 3605 est
1186 3544 1412 3624 promissionis3
1429 3554 1523 3626 atque
1537 3546 1603 3608 ideo

360 3646 442 3706 nam,
463 3636 526 3690 tum
546 3628 684 3710 propriae
718 3628 959 3706 iustificationis,
1001 3627 1169 3703 certitudo,
1189 3647 1267 3709 quae
1285 3630 1428 3710 primario
1443 3639 1489 3693 est
1506 3632 1538 3692 in
1556 3631 1604 3691 in-

359 3719 424 3773 tam
445 3713 741 3792 praedestinationis,
762 3713 811 3774 oui
840 3711 962 3793 quidem
1003 3713 1122 3774 tellecta
1140 3719 1231 3793 atque
1248 3713 1281 3774 ia
1294 3713 1364 3792 tide,
1384 3714 1603 3795 participative,

359 3795 532 3858 certitudini
548 3797 590 3858 ita
616 3796 803 3878 praecipiunt
828 3797 865 3859 ab
883 3816 963 3858 uno·
1003 3804 1037 3857 ut
1054 3796 1157 3874 aiunt,
1187 3797 1278 3859 etiam
1296 3797 1327 3859 in
1355 3817 1428 3879 spe,
1461 3809 1555 3879 atque
1576 3799 1604 3859 in

360 3899 481 3960 qaoque
495 3881 635 3943 credente
647 3900 713 3942 esse
732 3881 961 3959 inhaerendum,
1002 3881 1156 3942 voluntate
1169 3881 1386 3960 invenitur(3).
1396 3882 1606 3963 Verumquid-

361 3971 394 4022 at
414 3965 497 4026 nulla
514 3965 570 4026 hac
588 3965 624 4026 de
645 3983 679 4026 re
707 3964 894 4027 dubitatione
913 3975 967 4028 aut
1005 3964 1078 4044 quid
1096 3966 1146 4042 sit,
1162 3973 1290 4046 atraque
1308 3967 1461 4027 concurrit
1488 3967 1523 4027 in
1544 3967 1606 4048 spei

362 4045 516 4108 anxietate
528 4065 560 4108 se
576 4047 643 4124 angi
662 4048 803 4128 patiatur.
822 4049 866 4111 lta
881 4049 966 4112 vide·
1005 4049 1156 4126 virtatem,
1175 4048 1208 4109 io
1229 4068 1325 4130 eaque
1343 4050 1503 4112 invenitur.
1674 4064 1675 4067 ’

362 4128 434 4192 licet
460 4127 605 4191 Martinus
623 4130 779 4208 Buceras,
802 4132 967 4196 itaPetras
1049 4132 1101 4194 62.
1122 4131 1208 4204 Quod
1239 4134 1338 4214 reipsa
1364 4153 1433 4215 spes
1450 4134 1482 4195 ia
1503 4154 1560 4212 se,
1579 4143 1607 4196 et
1674 4168 1675 4195 l

360 4210 480 4293 Martpr,
506 4232 541 4274 ex
556 4213 687 4290 Calvino,
712 4215 764 4294 qui
781 4215 891 4277 diserte
910 4218 967 4279 do·
1008 4235 1041 4277 ex
1064 4226 1149 4298 parte
1167 4211 1221 4278 Dei
1243 4217 1416 4279 firmissima
1433 4219 1484 4295 sit,
1506 4220 1606 4281 decla·
1674 4216 1675 4297 ζ

361 4296 446 4375 cuit,
477 4297 629 4360 neminem
653 4315 712 4360 eoae
733 4316 801 4360 vere
831 4300 966 4380 fidelem,
1007 4309 1054 4360 rat
1087 4301 1261 4362 Tridentino
1298 4303 1443 4380 synodus,
1482 4303 1604 4364 dicens:
1674 4306 1675 4387 l

360 4382 421 4444 nisi
433 4383 485 4462 qai
503 4399 575 4464 erpo
602 4399 632 4445 oe
655 4382 779 4446 divinae
802 4383 970 4448 leneooten·
1012 4385 1139 4462 Tametsi
1156 4386 1190 4448 ia
1207 4387 1388 4449 Deiaaac'tio
1407 4388 1610 4466 firmissimam
1674 4390 1675 4423 l

396 4513 434 4580 (t)
451 4512 479 4563 ln
500 4511 546 4564 lin.
566 4512 603 4564 Dr
620 4516 713 4576 captia.
727 4513 850 4582 Babylon.
863 4529 920 4582 cap.
935 4517 970 4568 De
1010 4516 1079 4584 apud
1093 4517 1228 4584 Dollingar
1242 4519 1267 4568 in
1280 4535 1323 4585 op.
1339 4517 1374 4567 lo
1386 4519 1508 4582 llisorme.

360 4579 498 4644 Baptismo.
521 4581 575 4631 ¹llio
602 4597 682 4648 prope
701 4583 837 4633 innumera
855 4583 970 4636 eiusdem
1042 4586 1083 4651 (ἓ)
1103 4585 1186 4635 lastit.
1203 4585 1247 4634 lili.
1268 4591 1292 4646 5,
1312 4603 1368 4653 cap.
1383 4593 1408 4648 Ξ,
1427 4587 1498 4654 Stil.

360 4647 554 4702 haeresiarchae
580 4649 619 4700 hia
642 4650 735 4702 similia
765 4650 908 4702 testimonia
935 4653 970 4703 oi.
1047 4657 1083 4721 (5)
1103 4654 1176 4704 (Its.
1197 4653 1289 4704 Tlmm.
1310 4654 1343 4717 ll,
1360 4661 1388 4717 2,
1407 4671 1435 4722 q.
1455 4660 1500 4719 lt,
1517 4663 1565 4706 art.
1582 4658 1608 4705 l.
