3700 5659
481 1111 783 1279 unorum
838 1109 1214 1223 nauarcho

750 1515 952 1530 m

223 2496 225 2500 ’
304 2520 504 2620 Rogarunt
549 2478 611 2600 ine
656 2543 931 2613 saepenumero
982 2510 1281 2619 theologicarum
1331 2540 1462 2596 rerum

253 2658 434 2751 studiosi,
456 2666 502 2738 ut
521 2663 854 2763 praelectionibus,
877 2665 1016 2743 abhinc
1040 2668 1183 2740 multos
1203 2681 1325 2740 annos
1345 2658 1384 2738 in
1405 2661 1462 2739 lu-

253 2823 337 2878 cem
360 2800 479 2892 editis,
503 2800 703 2882 adiicerem
722 2795 839 2884 veluti
862 2803 1131 2908 perlectionem
1152 2804 1191 2879 et
1210 2803 1463 2903 complemen-

234 2943 337 3044 „tum
358 2945 566 3032 tractatus,
587 2941 652 3044 qui
681 2944 934 3046 theologiam,
962 2949 1007 3024 ut
1036 2943 1161 3032 aiunt,
1186 2939 1459 3044 speculativam

256 3078 473 3181 respiciunt.
497 3081 537 3159 ld
550 3082 725 3183 quamvis
746 3082 836 3161 mihi
858 3083 1020 3162 maxime
1040 3082 1277 3186 probaretur,
1298 3079 1464 3183 nihilque

252 3223 354 3297 esset
374 3219 510 3311 cariuS,
532 3243 648 3323 quam
670 3225 714 3301 ut
735 3222 839 3326 operi
861 3223 984 3326 primo
1011 3244 1166 3326 quoque
1187 3225 1359 3324 tempore
1385 3245 1462 3298 nra·

252 3382 347 3436 num
373 3359 640 3451 admoverem,
663 3364 722 3440 tot
747 3366 928 3466 tantaque
950 3387 990 3442 se
1026 3362 1338 3465 interposuerunt
1368 3359 1463 3438 ditli·

253 3497 402 3577 cillimis
423 3498 526 3578 hisce
546 3500 771 3580 christianae
806 3503 1036 3606 reipublicae
1066 3501 1322 3604 temporibus,
1345 3504 1390 3579 ut
1416 3502 1463 3578 ad

254 3662 301 3718 ea
322 3639 523 3720 scribenda
543 3639 753 3720 distulerim
775 3641 955 3731 animum,
978 3664 1077 3744 quac
1097 3640 1281 3719 maiorem
1302 3637 1371 3740 ipsi
1393 3637 1465 3715 uti-

254 3778 400 3858 litatem
417 3781 575 3860 allatura
588 3781 802 3861 arbitrarer.
815 3782 891 3862 Sed
904 3780 1084 3885 quoniam
1098 3778 1465 3881 tandemaliquando

253 3918 304 3995 ad
327 3921 507 4020 optatum
529 3921 671 4000 exitum
692 3921 871 4024 perduxi,
896 3921 1002 4024 quod
1022 3919 1205 4022 rogabar,
1233 3940 1465 4020 magnopere

253 4059 391 4150 laetor,
411 4058 517 4160 quod
539 4081 638 4161 opus
660 4059 772 4138 alacri
790 4063 828 4138 et
850 4063 978 4138 erecto
1000 4059 1131 4143 animo¹
1154 4056 1192 4136 in
1212 4056 1280 4136 Dei
1300 4057 1461 4160 gloriam

255 4195 371 4274 unice
394 4200 626 4298 susceptum,
650 4195 790 4288 multis
813 4200 858 4275 ut
884 4220 1037 4299 sperare
1051 4195 1194 4285 videor,
1219 4195 1465 4298 proluturum

189 4413 195 4424 ,
252 4333 295 4414 in
317 4339 516 4439 aspectum
537 4335 739 4438 lucemque
760 4338 932 4438 prodeat.

309 4475 355 4552 Et
370 4472 534 4576 primum
558 4473 721 4553 exordiri
742 4476 847 4552 volui
867 4497 913 4552 ea
934 4474 1127 4566 methodo,
1144 4497 1220 4577 qua
1246 4473 1283 4550 in
1310 4473 1465 4573 dogma-

251 4611 340 4693 ticis
362 4613 678 4715 praelectionibus
700 4636 795 4691 usus
822 4636 928 4724 sum,
948 4637 971 4691 a
991 4610 1214 4716 theologicis
1239 4609 1463 4701 virtutibus,
