3700 5659
417 439 477 500 112
931 445 970 489 un
988 447 1056 494 rtur

374 547 509 626 quamuis
519 545 616 608 omnis
633 541 762 606 ltaereeis
784 557 859 621 puae
876 540 910 602 t'n
929 538 973 600 vi-
1339 585 1346 599 .

376 633 417 693 ²3⁰
431 631 570 724 limiam>
585 629 646 690 Μ
667 644 770 690 essm
786 626 887 719 ακρῳ
900 623 973 684 '²⁰⁸'
1001 653 1062 705 ·De
1077 669 1115 716 eo,
1133 657 1160 704 iu
1172 669 1218 717 puo
1235 657 1332 717 proprie
1355 656 1464 704 decrerit
1480 657 1583 706 cmmodit-

376 731 451 777 rests
467 731 526 776 esse
541 730 604 774 nou
614 719 708 791 poseat
725 709 786 789 (l).
807 709 886 784 Qrud
904 723 975 786 erpo

375 797 467 878 faciat
486 796 678 868 decreticum,
698 793 794 874 pergit
816 793 900 872 ipse,
923 807 975 852 rc·
1056 789 1131 852 ddi.
1151 790 1194 852 Eu
1208 789 1391 870 praenotatis
1418 788 1506 852 facile
1526 791 1607 853 colli·-

376 881 480 962 putari
494 879 623 960 quadam
644 877 815 957 defiuitione
842 889 976 952 compre·
1015 874 1106 952 gitur,
1131 873 1169 936 ad
1191 873 1340 934 baeresim
1373 873 1600 937 constituendam

378 963 485 1040 daedi,
500 961 863 1042 sacramentonum
882 957 978 1020 omni·
1018 957 1074 1020 tria
1089 957 1214 1037 requiri,
1237 975 1344 1038 nempe
1374 957 1532 1020 materiam
1559 977 1603 1022 seu

378 1066 418 1110 tro
435 1064 497 1109 nou
511 1054 627 1126 puteat,
647 1053 702 1107 aut
718 1043 891 1123 difficillime
907 1048 976 1119 pot·
1017 1041 1195 1117 doctrinam,
1215 1041 1296 1102 circa
1308 1059 1397 1120 quam
1413 1041 1605 1104 haeresisuer·

378 1140 420 1194 est
436 1129 499 1210 (ἓ).
518 1129 553 1191 ln
566 1127 692 1211 epistola
710 1136 811 1188 autem
825 1124 978 1186 abeodem
1018 1133 1121 1201 setur,
1141 1124 1285 1186 iudicium
1314 1143 1479 1186 erroneum
1504 1125 1606 1186 intelle

379 1234 406 1276 s.
425 1213 554 1275 Docture
578 1213 617 1274 ad
634 1210 799 1272 donatistas
819 1208 976 1285 Gloriam,
1018 1218 1095 1286 ctus,
1116 1215 1146 1270 et
1165 1209 1370 1286 voluntatem,
1391 1227 1454 1288 qua
1472 1208 1539 1270 telis
1560 1209 1613 1280 rto-2

380 1297 536 1360 Eleusium
549 1296 686 1374 aliosque
696 1293 777 1368 data,
792 1292 908 1355 scribit:
921 1292 980 1366 Qui
1018 1293 1115 1356 ctrina
1149 1293 1268 1372 taleque
1304 1291 1452 1352 iudicium
1487 1292 1605 1368 eligitur.

379 1382 682 1453 contaminationem,
711 1378 845 1455 quamvis
870 1377 980 1456 fabam
1018 1375 1156 1458 Spectata
1178 1376 1312 1438 haeresis
1340 1384 1468 1453 natura,
1500 1393 1607 1438 necesse

381 1474 468 1542 otpue
481 1481 661 1543 peroersoua,
680 1462 764 1524 nulio
778 1461 929 1540 pertinaci
944 1477 980 1521 u·
1020 1469 1065 1524 est
1098 1468 1131 1522 nt
1149 1459 1307 1540 praecedat
1328 1459 1497 1540 propositio
1529 1459 1609 1520 salsae

381 1549 553 1610 aimositate
589 1546 774 1623 defenduut,
803 1545 981 1622 praesertim
1021 1544 1173 1606 doctrinae
1189 1561 1258 1606 cum
1278 1543 1379 1623 aliquo
1399 1543 1515 1604 iudicio
1534 1543 1566 1604 de
1581 1562 1617 1604 e-·

382 1648 472 1710 puom
489 1648 550 1691 raon
574 1629 703 1692 audacio
726 1627 982 1708 praesumptionis
1021 1626 1303 1702 iuscredibilitete;
1323 1627 1465 1688 mamilla
1489 1627 1611 1687 doctrina

381 1731 454 1775 cuae
468 1721 660 1794 pepererunt,
679 1712 730 1774 sed
743 1729 763 1773 a
775 1713 915 1783 seductis,
934 1719 982 1773 ot-
1022 1719 1213 1791 comparatur
1224 1710 1262 1772 ad
1278 1711 1465 1772 voluntatem
1483 1719 1619 1790 tanquam

383 1815 439 1876 pue
452 1798 486 1858 in
497 1814 632 1859 errorem
647 1797 736 1875 lapsis
747 1795 925 1874 parentibus
937 1811 984 1856 aa·
1024 1796 1174 1858 obiectum
1192 1794 1299 1874 ipsius,
1320 1803 1351 1855 et
1369 1793 1438 1855 ideo
1456 1803 1571 1874 oportet
1586 1801 1612 1854 ut

385 1889 541 1960 ceperum,
556 1888 813 1959 quaeruutautetn
826 1880 984 1940 cautasot-
1024 1880 1076 1942 illa
1095 1877 1271 1959 praecedat;
1292 1877 1399 1938 deinde
1428 1896 1502 1938 vero
1521 1877 1612 1956 sequi-

385 1965 542 2028 licitudine
558 1964 724 2038 ueritatem,
742 1963 855 2043 corripi
866 1963 984 2041 parati,
1027 1973 1073 2025 tur
1091 1963 1227 2022 uoluntas
1241 1960 1442 2041 amplectendi
1462 1980 1499 2023 ac
1513 1961 1613 2042 praele-

383 2067 453 2112 curn
486 2047 673 2123 ittoeuert'rtt,
704 2063 888 2126 nepuopuurn
913 2053 985 2108 cunt
1025 2046 1111 2108 rendi
1125 2047 1215 2107 talem
1233 2045 1398 2107 doctrinam
1414 2063 1471 2126 per
1482 2043 1614 2106 iudicium

386 2135 466 2195 inter
484 2132 646 2194 baereticae
659 2130 852 2210 deputandi(
874 2130 901 2208 ).
1026 2129 1193 2210 aliquoda
1225 2129 1278 2190 tali
1309 2129 1464 2191 uoluntate
1496 2128 1613 2208 impera·

429 2215 504 2276 463.
524 2213 622 2286 Quum
641 2233 710 2276 uero
730 2232 766 2275 ea
786 2213 987 2274 uiuamusae·
1027 2224 1102 2275 turn.
1295 2281 1298 2288 ,

389 2307 463 2373 tate,
483 2297 515 2357 in
534 2317 594 2377 qua
611 2297 756 2358 haeretici
776 2296 895 2374 agmine
910 2296 988 2356 lacto
1071 2297 1145 2358 dbb.
1166 2295 1404 2358 Praescindendo
1429 2297 1472 2358 ab
1502 2315 1556 2370 eo,
1574 2292 1616 2372 qui

389 2401 446 2442 nos
468 2379 600 2460 undique
618 2379 813 2442 circumstent
840 2378 989 2458 nobisque
1029 2381 1132 2442 salsam
1153 2379 1317 2442 doctrinam
1333 2381 1505 2460 profitetur,
1521 2397 1572 2440 seu
1587 2377 1615 2437 ab

391 2463 585 2540 insidientur,
595 2482 663 2524 oum
678 2482 764 2524 suain
777 2464 885 2524 bonam
902 2462 989 2524 tidem
1031 2474 1066 2525 eo
1086 2464 1138 2544 qui
1153 2473 1233 2526 errat
1250 2463 1330 2524 circa
1349 2463 1533 2538 doctrinam,
1561 2463 1618 2522 hae·

392 2549 424 2608 in
440 2565 542 2609 errore
556 2546 721 2626 profitendo
731 2547 928 2626 proclament,
945 2564 991 2608 se·
1032 2548 1107 2608 resis
1122 2566 1175 2608 scu
1188 2547 1351 2627 propositio
1368 2547 1524 2610 haeretica
1534 2546 1563 2607 in
1573 2562 1616 2606 suo

393 2651 453 2712 que
473 2630 592 2712 penitus
624 2629 762 2692 innoxios
793 2629 825 2691 in
858 2629 992 2691 doctrina
1033 2640 1179 2712 conceptu
1199 2630 1361 2707 obiectivo,
1382 2649 1472 2692 secus
1502 2649 1537 2694 ac
1554 2647 1618 2690 non·

396 2734 452 2776 sua
477 2713 675 2776 consectanda
706 2713 927 2793 depraedicent,
959 2731 993 2776 ac
1034 2715 1109 2776 nulli
1122 2714 1273 2776 senserint
1282 2713 1343 2793 (l),
1356 2714 1408 2776 illa
1419 2715 1542 2791 dicitur,
1556 2727 1618 2792 quac

345 2876 348 2880 Α
393 2798 510 2860 nullum
531 2817 608 2878 pene
626 2798 807 2860 contendant
833 2815 901 2860 esse
929 2796 993 2858 dis·
1034 2809 1080 2860 est
1097 2807 1200 2879 aperte
1232 2798 1368 2879 opposita
1388 2797 1451 2860 sive
1471 2795 1617 2869 contrariu,

397 2882 513 2944 crimen
530 2883 608 2947 inter
630 2881 808 2944 catholicam
837 2881 994 2942 veritatem
1034 2883 1095 2944 sive
1115 2881 1345 2943 contradictoria
1378 2882 1472 2943 alicui
1495 2878 1617 2952 ueritati,

399 2985 532 3047 suosque
544 2984 673 3042 errores,
682 2983 790 3046 operae
800 2965 930 3047 pretium
942 2963 996 3026 du·
1036 2985 1124 3046 quarn
1140 2974 1257 3026 constet
1274 2983 1340 3026 esse
1357 2965 1393 3026 de
1412 2965 1485 3028 lide.
1511 2965 1548 3028 Et
1563 2978 1620 3024 sane

398 3050 497 3110 miuus
517 3049 554 3111 de
572 3049 621 3110 bis
638 3048 765 3128 maiori,
784 3068 844 3129 qua
871 3067 924 3129 per
941 3066 996 3108 nos
1036 3049 1141 3112 eadem
1160 3047 1287 3126 ratione,
1313 3068 1373 3128 qua
1390 3049 1496 3130 aliqua
1525 3064 1621 3129 propo·

397 3133 519 3213 poterit,
540 3133 751 3214 perspicuitate
784 3151 819 3194 ac
845 3131 998 3208 diligentia
1037 3133 1117 3196 sitio:
1138 3135 1202 3209 Est,
1220 3133 1281 3194 uel:
1300 3135 1367 3197 Note
1387 3143 1441 3210 est,
1480 3141 1533 3208 aut
1552 3145 1619 3200 aaa,

398 3224 592 3296 pertractare.
623 3213 819 3294 ¹Quapropter
850 3214 998 3277 distinctis
1038 3226 1089 3279 aut
1105 3217 1184 3297 [olco
1201 3216 1322 3294 dicitur,
1335 3216 1376 3278 ita
1384 3217 1551 3298 propositio
1566 3214 1623 3274 bae·

399 3299 596 3379 paragraphis
609 3315 733 3376 agemus
748 3297 785 3358 de
808 3317 857 3376 eo,
877 3299 909 3360 iu
937 3316 998 3378 quo
1038 3301 1141 3378 retica,
1163 3319 1240 3380 quae
1259 3300 1334 3362 salsa
1363 3293 1534 3364 necessario
1564 3303 1620 3367 est,

398 3382 538 3465 consistit
555 3381 707 3459 haeresis,
733 3380 770 3442 de
802 3390 922 3462 peccato
946 3399 1000 3444 seu
1040 3403 1092 3464 per
1110 3383 1326 3464 oppositionem
1361 3403 1451 3464 quam
1485 3381 1574 3446 habet
1595 3374 1623 3437 ad

401 3465 481 3527 malo
496 3465 645 3542 haeresis,
659 3464 696 3526 de
709 3464 759 3541 iis,
777 3485 856 3545 quae
872 3466 910 3527 ad
925 3484 1000 3527 con·
1040 3467 1195 3530 veritatem
1215 3469 1296 3548 fidei,
1313 3466 1422 3528 dicitur
1440 3476 1470 3530 et
1500 3475 1545 3529 est
1565 3463 1624 3526 iat·

399 3548 585 3612 stituendum
597 3549 752 3611 formalem
760 3549 943 3612 haereticum
956 3567 1002 3610 re·
1040 3553 1151 3629 retica,
1172 3551 1244 3630 quia
1266 3551 1297 3612 in
1314 3569 1432 3612 summo
1459 3550 1553 3630 gradu
1580 3543 1624 3606 ad-

400 3633 565 3712 quiruntur
573 3642 603 3695 et
611 3632 774 3711 sufficiunt,
791 3631 828 3696 de
839 3633 1002 3710 uariisgra-
1041 3645 1176 3696 uersatur
1194 3653 1331 3699 summae
1359 3634 1543 3710 certitudini,
1562 3643 1626 3710 quae

401 3715 494 3778 dibus
508 3717 742 3794 baereticorum,
762 3736 797 3780 ac
825 3717 947 3779 demum
966 3716 1002 3778 de
1043 3718 1171 3780 habetur
1189 3737 1242 3800 per
1259 3717 1388 3780 diuinam
1412 3717 1621 3780 revelationem.

401 3800 550 3878 censuris,
570 3800 682 3880 quibus
700 3800 854 3862 doctrinae
875 3800 913 3862 ab
943 3799 1002 3862 Ec·
1043 3801 1167 3882 Insuper
1182 3801 1345 3884 propositio
1368 3820 1428 3862 non
1446 3801 1555 3863 dicitur
1571 3797 1627 3856 bae·

400 3882 495 3944 clesia
513 3883 717 3965 discrepantes
749 3884 849 3946 notari
873 3902 1003 3948 consue·
1043 3885 1148 3964 retica,
1172 3904 1207 3949 eo
1228 3885 1309 3964 qnod
1326 3885 1365 3948 ab
1380 3885 1531 3947 haeretico
1546 3876 1627 3971 prole·

401 3975 522 4026 uerunt.
1044 3977 1138 4046 ratur,
1158 3969 1211 4031 sed
1239 3969 1339 4050 potins
1360 3969 1530 4032 haereticus
1555 3977 1626 4044 quis·

438 4092 477 4160 (l)
496 4093 645 4170 lmproeiat.
659 4093 692 4145 od
705 4095 766 4148 libr.
785 4097 821 4146 De
839 4099 987 4150 haeresibus.
1079 4099 1118 4168 (5)
1137 4099 1219 4168 Epist.
1239 4104 1283 4163 tt,
1296 4099 1357 4152 elias
1369 4105 1426 4166 t62,
1440 4117 1467 4153 n.
1483 4107 1508 4152 t.

438 4161 477 4227 (Ξ)
495 4160 560 4211 lbul.
589 4159 637 4212 Ubi
666 4162 743 4214 etiam
771 4163 901 4229 pollicitus
926 4175 964 4216 est
981 4183 1003 4216 s.
1079 4168 1117 4236 (t)
1136 4167 1174 4220 Gi.
1191 4169 1297 4229 suarez,
1313 4169 1359 4235 qui
1375 4169 1443 4236 disp.
1470 4173 1513 4231 ttt,
1535 4161 1627 4218 secti,

403 4229 502 4305 Peter,
524 4226 589 4277 dnus
602 4244 644 4305 ⁶se
668 4229 734 4280 velle
756 4231 843 4296 operis
863 4232 902 4282 sui
921 4241 1006 4298 partos
1046 4235 1095 4286 late
1113 4233 1144 4284 de
1162 4233 1210 4287 boc
1228 4244 1380 4303 argumento
1396 4235 1499 4288 disserit
1522 4233 1628 4285 adverae

402 4293 577 4356 conscribere,
602 4311 627 4344 in
645 4312 755 4362 quarum
772 4299 851 4348 alteru
869 4299 1005 4366 exponeret
1045 4302 1197 4368 nonnullos,
1216 4305 1260 4372 qui
1273 4303 1367 4354 vellent
1378 4305 1572 4371 propositionem
1580 4297 1628 4346 bat·

404 4363 539 4414 lacerosum
551 4365 694 4428 catalogum
706 4363 737 4414 ed
750 4380 795 4414 sua
809 4381 890 4432 nsque
908 4376 1006 4432 tempo·
1044 4370 1149 4422 reticem
1172 4371 1215 4422 vel
1240 4371 1367 4424 baeresim
1388 4369 1567 4422 desumendum
1585 4373 1628 4411 &⁵⁸

403 4447 452 4494 ru;
479 4431 505 4480 in
522 4429 603 4479 altera
627 4445 698 4492 vero,
716 4431 779 4498 quid
797 4431 874 4483 iaciat
896 4434 1005 4484 beercti-
1044 4437 1222 4505 oprolereute
1236 4474 1245 4502 ,
1271 4455 1322 4490 non
1355 4455 1415 4494 tero
1443 4439 1525 4492 sotum
1541 4433 1570 4488 ab
1585 4432 1628 4498 ΠΜ

402 4514 475 4547 cum.
493 4493 575 4562 Quam
594 4495 699 4564 quidam
722 4500 889 4566 posteriorem
907 4509 1004 4570 portem
1043 4503 1170 4562 doctriua¹
1218 4517 1230 4564 t

404 4574 555 4632 prosecutus
572 4581 622 4644 nou
639 4574 687 4617 est.
